2414 4156
354 255 510 306 narrata
536 255 668 307 nentes
904 235 952 328 4¹*

46 372 191 456 griseus,
212 368 335 432 interius
354 389 428 434 vero
457 370 590 432 colorem
620 374 881 444 cinnamomum,
908 372 956 432 vel

44 470 146 551 paulo
168 468 373 532 obscuriorem
394 493 466 554 prae
487 493 518 532 se
531 470 604 545 lert,
625 471 733 532 fractus
748 491 808 531 non
821 468 852 531 ia
866 467 957 532 libras

44 569 184 650 lignosas
205 567 399 652 discerpitur,
420 571 466 632 rel
487 569 517 632 in
548 569 670 632 birinum
700 568 843 630 cariosam
875 568 951 630 dila·

45 669 153 746 bitur,
182 684 214 732 et
240 671 270 729 ia
297 669 467 752 fragmentis
493 673 557 732 eius
572 681 683 754 puncta
693 669 877 753 splendentia
900 690 957 752 ap·

45 785 173 856 parcnt.

95 873 189 936 Odor
208 873 391 958 aliquantum
412 872 557 934 mucidus.

91 974 204 1052 Sapor
223 995 365 1053 amarus,
391 971 508 1036 modice
530 971 714 1056 adstringens
735 992 805 1034 oum
826 970 956 1055 vestigiis

136 1067 222 1135 mitis'
241 1073 391 1136 aromatis.

94 1175 208 1239 Virtus
218 1173 406 1257 antiseptica,
418 1174 578 1257 lebrilaga,
593 1174 754 1250 roborans,
768 1172 957 1236 stomachico.

96 1275 192 1340 Usus.
205 1275 327 1343 ,Febres
347 1272 599 1356 intermittentes,
630 1274 790 1338 continuae
811 1295 845 1336 ex
863 1276 957 1336 inter·

136 1374 324 1436 mittentibus
344 1390 448 1455 natae,
470 1373 652 1438 remittentes
667 1373 867 1457 perniciosae,
887 1394 958 1434 ner*

137 1496 249 1554 rosae,
280 1475 440 1556 putridae,
470 1478 583 1557 pestis,
613 1473 742 1538 variolae
771 1489 804 1536 et
830 1473 958 1535 morbilli

138 1573 212 1638 mali
233 1578 342 1650 moris,
363 1577 460 1636 morbi
481 1577 640 1658 periodici,
669 1575 791 1640 sudores
812 1576 957 1657 collique·

20 1695 23 1704 ’
137 1679 208 1750 tivi,
229 1674 358 1736 raucedo
373 1686 440 1758 post
454 1676 624 1755 morbillos,
645 1677 782 1758 phthisis,
806 1676 958 1759 hydropa,

57 1842 70 1867 4
137 1775 361 1858 haemoptysis,
381 1775 466 1837 tabes
486 1775 627 1848 dorsalis,
648 1776 821 1838 affectiones
835 1776 958 1838 convul·

138 1879 236 1950 sivae,
248 1874 338 1937 tussis
351 1877 539 1955 convulsira,
562 1876 804 1958 haemorrhagiae
818 1897 855 1938 ex
866 1897 957 1938 causa

136 1975 279 2058 putrida,
305 1977 432 2049 icterus,
453 1973 598 2048 arthritis.
628 1996 817 2058 gangraeaa,
847 1978 963 2052 caries,

138 2095 247 2136 cancer
267 2087 298 2137 et
319 2077 403 2158 spina
423 2086 557 2138 ventosa.

95 2177 200 2240 Doris.
222 2178 247 2236 Α
267 2175 410 2258 scrupulo
431 2197 507 2252 uno,
539 2176 578 2238 ad
598 2174 771 2247 drachmam
793 2197 884 2238 unam
907 2197 957 2238 su·

139 2273 275 2358 proquo,
305 2276 390 2336 uncia
411 2295 471 2334 una
492 2295 562 2338 cum
582 2295 679 2357 aquae
706 2274 782 2337 libra
809 2296 888 2350 una,
919 2277 965 2338 ad*

137 2378 240 2436 uncias
261 2385 331 2436 octo
352 2375 531 2450 decoctam
555 2361 603 2436 vel
624 2374 753 2456 pulveris
774 2374 957 2438 subtilissimi

136 2473 225 2537 nucia
256 2497 314 2536 una
341 2487 409 2535 cum
438 2495 533 2557 aquae
554 2474 648 2536 unciis
671 2486 739 2536 octo
759 2473 883 2558 frigidae
904 2495 957 2558 per

137 2573 242 2658 viginti
262 2586 391 2657 quatuor
411 2576 500 2636 boras
520 2573 672 2649 inlusum,
693 2595 771 2657 quae
786 2575 956 2639 vasculatlm

138 2673 346 2758 propinantur.
368 2675 472 2759 Tripla
493 2676 571 2738 dosis
590 2677 621 2736 in
640 2675 791 2757 clysmate.

95 2776 248 2841 ludicatur
276 2775 394 2839 bonitas
420 2761 537 2840 corticis¹
564 2780 700 2858 sequenti
731 2780 965 2860 experimentoaz

137 2874 279 2959 coquitur
298 2880 360 2940 eius
382 2876 479 2959 portio
500 2879 530 2938 in
549 2875 807 2960 tantilloaquaa,
827 2877 957 2960 deinque

137 2978 170 3042 in
191 2977 350 3060 ampullam
371 2977 554 3052 infunditur3
583 2975 691 3059 quodsi
712 2989 776 3039 tum
797 2980 956 3040 decoctum

139 3074 284 3160 quamdiu
304 3075 434 3136 calidum
448 3088 520 3150 est,
531 3074 728 3136 rubicundum
744 3092 884 3160 apparet,
904 3080 956 3141 sed

138 3189 174 3239 ut
194 3179 322 3259 primum
343 3174 488 3238 refrixerit
508 3189 540 3237 et
559 3176 756 3240 rudimentum
790 3177 929 3242 deiecerit
942 3223 964 3262 ‚¹

140 3275 303 3361 pallidum,
324 3276 421 3338 bonae
441 3288 530 3338 notae
551 3289 604 3338 est.
