2444 4156
219 296 288 385 ¹l8
450 309 579 355 rnatu.
606 301 749 352 aossica
773 301 805 345 r.
835 297 878 342 rr.

257 504 417 566 temeti
438 499 616 558 'rturtut
642 479 1046 556 CRYSTALLISATUM,

256 607 330 662 stt.
351 596 601 659 ussssxrtttss
624 589 824 656 Tantam,

257 701 418 763 Acinctt
439 692 715 756 Ttanuoscu
737 675 1141 746 OEYsTtttlsaTctt

216 825 274 904 Rp.
295 823 416 880 Tartari
437 817 520 875 crudi
540 815 628 872 lbras
647 807 838 889 quindecim,

297 923 405 979 Cretae
425 918 515 975 libras
536 926 685 992 quatuor3

215 1021 316 1081 Probe
336 1015 514 1099 pulverisata
528 1018 556 1070 in
572 1013 665 1070 lebete
685 1023 826 1080 stanneo,
847 1021 920 1059 cum
940 1017 1063 1076 acquae
1087 994 1143 1052 sn'-

219 1121 304 1200 gidae
324 1117 441 1175 circiter
459 1128 579 1172 centum
594 1107 673 1168 libris
688 1128 741 1186 per
754 1103 836 1162 vices
852 1101 1143 1165 commisceantur,

216 1218 299 1278 linita
320 1211 559 1281 ell'ervescentia,
580 1207 776 1288 coquebant:
797 1201 986 1274 mistionem,
1010 1197 1066 1252 cui
1090 1195 1148 1251 in·

217 1328 267 1376 ter
279 1313 484 1374 ebullitionem
497 1309 632 1368 alluudas
646 1305 824 1365 solutionem
835 1300 926 1357 calcis
940 1294 1051 1355 salitae
1070 1303 1145 1351 tam

219 1416 289 1492 din,
310 1432 468 1494 quousque
487 1411 569 1468 nulla
590 1406 714 1465 ulterius
736 1399 943 1483 praecipitatio
957 1398 1141 1465 excitetur,

218 1513 301 1575 omni
321 1523 441 1593 peracta
460 1509 657 1577 subsidentia,
677 1504 776 1582 liquor
795 1502 902 1558 badius
922 1498 1019 1556 salem
1043 1493 1144 1573 dige-

220 1617 330 1674 rtivum
349 1614 502 1669 continens
522 1609 717 1673 decantetur,
737 1599 878 1659 residuus
903 1593 1011 1655 tartari
1024 1594 1148 1654 seleni-

220 1725 266 1771 tes
286 1731 365 1789 aqua
385 1707 479 1788 probe
502 1703 714 1769 edulcoretur,
735 1707 767 1756 et
787 1697 858 1754 huic
879 1696 950 1754 dein
971 1705 1049 1752 octo
1079 1689 1148 1749 olei

221 1809 335 1872 vitrioli
353 1808 532 1866 concentrati
555 1802 647 1860 librae
667 1796 784 1878 aequali
806 1817 905 1876 aquae
926 1792 1077 1875 portione
1093 1789 1149 1852 di·

221 1909 368 1984 luendae,
389 1905 536 1963 addantur
555 1902 587 1960 in
607 1905 696 1960 vitro.
719 1897 828 1955 atinio
849 1916 906 1978 per
916 1893 1047 1974 aliquod
1064 1903 1151 1952 tem·

223 2013 303 2091 poris
324 2004 454 2086 spatium
484 2001 621 2081 agitetur.
652 1998 731 2057 Dein
752 2001 861 2056 itemm
883 2016 963 2074 aqua
985 1989 1149 2068 diluitur,

225 2128 279 2191 per
298 2105 493 2186 quadraginta
513 2115 583 2158 octo
603 2097 710 2172 horas,
729 2095 827 2154 flavus
842 2094 946 2153 midos
960 2092 1070 2172 liquor
1086 2091 1149 2151 de·

225 2215 382 2275 cantetur,
401 2200 535 2260 selenites
571 2216 650 2274 aqua
670 2194 769 2274 probe
801 2194 946 2270 elixatus,
977 2201 1012 2249 et
1033 2189 1149 2248 omnia

226 2302 338 2385 liquida
358 2321 427 2359 cum
447 2295 539 2356 unciis
559 2315 607 2353 sex
627 2293 666 2351 ad
686 2303 756 2351 octo
775 2291 863 2368 (sive
876 2300 1030 2370 quantum
1046 2286 1148 2348 suffi-

226 2406 268 2463 cit
287 2401 325 2459 ad
344 2397 504 2481 plenariam
524 2392 596 2451 flavi
616 2389 724 2449 coloris
745 2389 983 2470 privationem),
1017 2385 1147 2447 subtilis

228 2501 356 2584 pulveris
384 2495 549 2554 carbonum
577 2489 828 2571 permisceantur,
848 2487 882 2548 in
904 2487 1063 2548 decollata
1086 2507 1150 2546 cu·

228 2598 346 2660 curbita
371 2601 465 2657 vitrea
494 2613 551 2672 ope
580 2589 678 2647 balnei
706 2609 817 2648 arenae
838 2587 879 2646 ad
901 2601 1056 2669 puuctum
1080 2586 1152 2646 fene

230 2690 484 2780 crystallisationis
504 2697 722 2768 evaporentur,
743 2698 775 2745 et
794 2687 912 2746 fervida
945 2707 1003 2768 per
1024 2685 1154 2745 filtrum

231 2799 376 2857 colentur.
396 2794 469 2853 Post
488 2784 742 2868 refrigerationem
770 2787 871 2865 liquor
900 2785 1069 2844 aselenite
1095 2805 1156 2865 per

232 2896 358 2958 linteum
378 2901 548 2973 separatur,
569 2899 601 2945 et
620 2882 769 2944 lenissimo
790 2884 891 2944 calore
911 2882 1154 2965 crystallisetur.

274 2995 362 3055 Nota.
384 2989 564 3070 Priusquam
584 2982 686 3042 acidus
706 2981 805 3061 liquor
825 3003 896 3042 cum
917 2984 1051 3063 pulvere
1079 3003 1155 3042 ω.

313 3091 429 3150 bonum
442 3092 598 3155 miscetur,
612 3096 643 3142 et
655 3083 861 3161 evaporationi
871 3081 1058 3161 exponitur,
1072 3103 1157 3163 pau·

315 3188 386 3249 xillo
407 3187 496 3247 huius
516 3183 666 3243 adduntur
686 3177 800 3258 aliquot
820 3179 959 3260 guttulae
991 3178 1078 3240 aceti
1102 3201 1158 3240 so·

317 3286 415 3359 turni,
434 3283 517 3364 quod
537 3277 667 3340 ostendit
692 3273 826 3334 albidum
856 3275 1090 3354 sedimentum,
1123 3292 1158 3338 et

318 3404 413 3465 quarn
432 3383 483 3444 ille
503 3380 617 3458 aliquot
637 3373 822 3454 guuuluum
842 3373 991 3434 allusione
1006 3375 1094 3436 acidi
1114 3379 1160 3436 ni·

320 3480 385 3544 trici
397 3480 537 3571 limpidus
550 3475 603 3555 fit,
618 3487 688 3533 tuna
697 3469 818 3534 acidum
831 3484 877 3535 ert
889 3494 1023 3556 purum
1047 3495 1068 3538 ι
1083 3497 1162 3538 em.
