2438 4142
344 371 507 422 reterri.
535 371 708 424 emente.
909 349 983 448 259

244 489 418 550 Alcoholem
439 491 467 548 in
490 487 677 548 cucurbitam
697 483 822 549 vitreum
855 489 901 548 vel
929 509 979 550 re·

203 602 310 651 tortam
332 588 498 654 tubuletem
520 589 653 648 immitte.
674 585 780 648 Eidem
806 607 858 670 per
879 589 978 649 inlun-

203 687 336 750 dibulum
358 685 464 748 tubulo
485 686 582 747 subtili
604 684 794 756 terminorum
818 700 905 752 caute
925 688 977 748 ad.

203 787 294 850 misce
316 786 434 848 acidum
455 784 583 864 vitrioli,
615 807 665 847 ves
697 789 807 846 interes
828 787 977 868 agitando.

201 886 317 948 Deinde
338 887 446 948 hnlneu
466 907 574 948 erenec
602 885 685 969 prius
715 885 857 948 calefacto
882 889 978 970 impo-

201 999 291 1050 netur
311 1007 363 1052 vus
384 986 520 1070 excipulo
541 988 640 1070 amplo
654 989 813 1055 munitum.
827 991 978 1070 nugentur

198 1087 273 1171 ignis
294 1103 329 1150 ut
350 1086 448 1168 liquor
469 1087 604 1168 protinus
635 1087 774 1154 ebulliet:
806 1108 876 1150 mox
907 1111 978 1150 vero

199 1192 350 1248 minuatur
370 1208 408 1247 ue
428 1186 634 1249 vehementior
655 1186 692 1248 sit
716 1187 858 1249 ebullitio.
889 1187 977 1250 Exci·

200 1289 302 1370 pulum
325 1308 402 1368 aque
422 1286 528 1369 frigida
551 1287 596 1347 vel
618 1287 685 1348 nive
705 1284 924 1362 circumdetur,
946 1301 977 1348 et

199 1389 319 1449 liniatur
357 1387 532 1466 destillatio,
560 1389 700 1468 quando,
734 1388 802 1448 locu
834 1387 974 1449 striomm

199 1487 405 1550 aethereamm
416 1531 424 1560 ‚
437 1489 467 1568 in
481 1485 560 1550 collo
577 1489 649 1548 reris
664 1488 861 1550 observentur
874 1499 976 1570 guttae

199 1589 315 1650 oleosee
336 1607 443 1670 perum
463 1586 542 1649 inter
572 1609 604 1650 se
628 1588 831 1650 cohaerentes.
863 1589 975 1649 Aether

198 1685 361 1749 destillntus
382 1709 450 1748 cum
482 1702 588 1770 quarte
617 1699 700 1770 parte
723 1707 817 1768 aquae
839 1699 869 1748 et
889 1705 974 1769 perte

198 1787 375 1849 duodecime
395 1802 531 1870 potarsae
561 1785 709 1848 crusticae
736 1787 848 1846 solutee
875 1787 973 1848 mixtis

197 1901 427 1976 conquassetur,
454 1907 516 1967 quo
537 1885 575 1946 eb
595 1884 815 1952 inhaerentibus
837 1884 927 1958 ccidit,
944 1901 974 1948 ct

199 1986 334 2047 elcohole
349 1987 526 2068 depuretur,
548 1987 729 2068 tandemque
743 1985 892 2047 lenissimo
906 1990 971 2067 igne

196 2088 383 2148 rectificetur.
415 2087 554 2149 Servetur
583 2086 615 2148 in
644 2083 755 2168 lagenis
787 2086 970 2167 minoribus,

195 2209 321 2267 quennn
344 2186 456 2248 crificia
476 2186 638 2268 epistomiis
658 2186 758 2248 vitreis
778 2202 809 2248 et
828 2206 895 2249 cern
916 2188 972 2246 cir·

196 2287 328 2349 cumfuse
350 2289 534 2350 obturentur.

235 2389 333 2448 Massa
354 2387 459 2466 acida,
489 2397 557 2469 post
586 2385 812 2448 destillationem
835 2389 971 2464 residue,

195 2509 264 2548 curn
285 2487 407 2550 dimidia
429 2497 512 2569 porte
533 2485 681 2548 Alcoholis
703 2490 807 2562 mixte,
827 2507 904 2548 nove
919 2491 970 2548 de·

194 2572 354 2650 stillatione
375 2588 473 2648 adhue
494 2585 633 2668 producit
653 2581 894 2670 aetherem,'qui
916 2611 969 2651 eo·

194 2688 261 2748 dein
283 2688 374 2750 modo
393 2687 502 2770 pluries
524 2685 587 2750 elici
608 2701 715 2769 potest.

248 2865 559 2928 AETHEROLEUM
581 2865 790 2928 ABSINTllll.

68 2991 124 3049 Re.
146 2987 290 3049 Absinthii
311 2987 515 3050 summitatum
536 2998 682 3068 quantum
703 2987 832 3069 placeat,

151 3077 257 3169 Aquae
277 3086 433 3167 fontanae,
462 3100 607 3170 quantum
638 3085 708 3150 sutis
735 3089 789 3160 sit,
820 3103 853 3150 ut
874 3088 964 3152 herbe

190 3190 311 3249 innatet.
333 3185 452 3250 Modico
467 3189 533 3270 igne
548 3185 694 3254 destillent
713 3208 791 3268 eque
806 3202 836 3250 et
850 3189 966 3254 tether-
1033 3267 1034 3274 ἵ

191 3285 307 3361 oleum,
328 3287 408 3370 quod
429 3301 598 3368 separatum
619 3298 765 3350 serretur.

230 3387 460 3452 Eodem-modo
479 3385 637 3451 eliciuntur

292 3565 607 3630 AETHEROLEUM
628 3567 749 3638 ANlSl‚

67 3708 109 3750 ex
132 3687 213 3751 Anisi
233 3684 413 3762 seminibus;
