2444 4156
266 347 332 392 112
503 347 633 392 PHARM.
660 348 802 398 nossmt
827 350 857 395 Ρ.
888 350 911 396 1.

299 459 401 517 Dosis.
424 458 517 518 Uncia
538 457 678 535 dimidia,
707 483 776 521 cum
806 480 902 543 aquae
923 459 999 521 libra
1021 481 1084 520 rina
1106 457 1157 520 de·

339 573 467 619 coctum.

298 761 371 820 SAL
393 760 575 839 Attium,
609 761 788 822 SULPHAS
819 759 1078 834 MAGNESlAE,
1115 771 1159 820 cst

256 862 298 923 sal
320 859 435 922 medius
457 860 602 922 terrestris
623 884 660 922 ex
681 883 756 944 pura
777 861 927 942 magnesia
948 873 978 921 et
999 860 1092 922 acido
1116 864 1159 920 vi·

255 961 334 1022 trioli
355 972 504 1022 constans.
536 961 604 1021 Pari
625 963 740 1035 modo,
774 963 863 1022 huius
895 961 1001 1022 indolis
1033 973 1081 1021 est
1110 962 1160 1022 Sat

255 1059 434 1120 catharticus
457 1057 617 1133 Sibiricus,
647 1059 729 1142 prius
761 1071 842 1121 certo
865 1060 956 1121 modo
978 1061 1156 1141 depuratus.

252 1160 286 1218 In
307 1157 472 1218 confinibus
494 1159 621 1218 lrhutiae
642 1157 793 1242 copiosus.
863 1225 865 1230 s
1202 1153 1203 1160 ¹

299 1257 385 1320 Odor
405 1257 516 1318 nullus.

291 1360 393 1435 Sapor
414 1358 588 1420 amaricans.

298 1461 406 1520 Virtus
427 1461 565 1538 solvens,
588 1479 725 1542 purgans.
1122 1521 1129 1536 ,

295 1557 380 1620 Usus.
402 1559 501 1640 Morbi
522 1581 540 1618 a
560 1559 680 1619 saburra
703 1557 867 1640 primarum
890 1558 1023 1634 viarum,
1044 1559 1154 1620 hernia

332 1679 350 1717 a
369 1646 500 1718 faecibus
521 1657 720 1720 incarcerata.

292 1756 391 1816 Dosis.
414 1757 507 1815 Uncia
526 1775 587 1814 una
616 1767 655 1820 et*
674 1753 797 1815 dimidia
825 1755 864 1816 ad
894 1759 997 1816 uncias
1023 1757 1105 1817 duas
1125 1755 1156 1815 in

330 1852 405 1912 libra
426 1873 486 1912 una
506 1866 538 1911 ct
558 1850 681 1912 dimidia
702 1873 797 1933 aquae
818 1853 936 1925 soluta,
962 1872 1056 1934 scopo
1080 1875 1153 1934 pur·

331 1951 421 2032 gandi
442 1953 544 2027 datur,
567 1952 708 2012 alterandi
729 1973 801 2012 vero
822 1953 861 2012 ad
882 1952 1039 2013 drachmas
1061 1954 1150 2014 duas.

293 2149 366 2211 SAL
383 2149 618 2236 communts,
639 2171 668 2210 s.·
680 2149 907 2223 CULlNthS‚
925 2151 1075 2212 mutatas
1093 2151 1158 2213 SO·

251 2250 351 2328 ΒΑΕ,
373 2261 417 2310 est
437 2250 480 2310 sal
501 2260 627 2326 neuter,
649 2233 687 2309 cx
707 2247 793 2309 acido
814 2249 900 2323 salis,
932 2260 962 2310 et
984 2249 1071 2310 alcali
1094 2250 1156 2311 fixo

250 2348 386 2408 minerali
407 2362 555 2408 constans.
581 2349 686 2408 Μανία
703 2351 836 2424 fontana
865 2352 899 2409 L.
932 2350 967 2409 cl.
991 2349 1028 2410 ll.
1057 2348 1156 2409 Mine·

248 2471 320 2522 rae3
343 2447 430 2509 Salia.
462 2449 511 2508 Ex
532 2448 653 2508 lacubus
674 2445 819 2508 Krimeae
846 2446 1052 2530 copiosissime
1075 2451 1156 2510 ohti-

251 2558 350 2607 netur.

292 2645 379 2707 Odor
398 2645 507 2705 nullus.

289 2744 394 2826 Sapor
415 2744 504 2804 salsus
514 2767 528 2821 ,·
544 2744 694 2825 proprius.

291 2829 398 2904 Virtus
409 2831 568 2904 'resolvens
582 2889 590 2914 ,
611 2843 791 2924 antiscptica.

291 2943 375 3006 Usus.
408 2945 550 3004 Pustulae
581 2941 691 3023 aliique
723 2941 818 3003 morbi
849 2944 968 3004 cutanei
983 2989 995 3026 ,
1028 2947 1155 3029 digestio

331 3043 465 3105 ciborum
481 3043 699 3125 promovenda,
714 3043 935 3124 sugillationem
951 3047 983 3104 ln
998 3065 1154 3121 cosmate,

332 3143 440 3204 stimuli
461 3140 638 3224 eccoprotici
660 3163 769 3214 causa,
798 3164 816 3202 a
847 3144 989 3205 drachma
1020 3167 1080 3207 una
1116 3150 1153 3208 ad

332 3245 450 3304 unciam
471 3240 644 3314 dimidiam
665 3242 826 3302 Fomenta.

288 3342 340 3404 Sal
360 3341 559 3424 decrepitntus
581 3361 677 3422 aquae
698 3344 825 3403 maxima
846 3342 963 3406 bibulus
982 3347 1152 3429 applicatur

293 3459 300 3473 ’
333 3440 446 3504 calidus
467 3440 602 3503 cruribus
623 3439 867 3522 hydropicorum.
