2438 4142
245 290 315 380 184
471 311 601 360 emir.
626 313 770 362 nossrca
794 313 826 360 r.
852 313 890 358 11.

357 445 417 503 qua
437 424 547 484 solutio
566 423 746 504 perficienda
766 435 833 501 est,
860 426 891 482 in
920 441 974 483 var
1000 419 1146 501 amplum

358 541 437 602 aqua
457 520 595 581 fluviatili
613 520 720 602 frigida
739 521 906 601 repletum,
926 530 957 578 et
977 537 1145 600 processus

358 603 518 700 peragatur
538 640 656 700 semper
674 619 743 679 ioco
765 617 921 699 frigidiori.

318 716 470 777 Mercurio
496 717 616 794 soluto,
646 715 850 797 crystaiiicque
878 737 958 795 aqua
988 713 1146 774 destillata

357 815 462 895 frigida
482 815 608 894 ablutis,
628 815 726 896 iisqne
745 814 814 874 dein
833 815 937 875 solutis
957 826 990 874 et
1002 811 1144 888 filtratis,

360 913 438 972 adde
457 916 595 992 guttatim
616 915 733 992 saepius
754 911 896 994 agitando

319 1011 448 1093 Spiritus
469 1013 536 1071 salis
557 1010 735 1072 ammoniaci
754 1011 874 1073 canitici
896 1012 934 1070 ad
953 1015 1142 1072 mercurium

358 1107 476 1191 penitus
497 1130 536 1168 cx
555 1109 642 1169 acido
662 1108 943 1192 praecipitandum

317 1209 417 1270 Pulvis
437 1207 506 1268 dein
526 1229 605 1288 aqua
623 1209 750 1268 ferventi
770 1208 902 1290 repetitis
923 1210 1037 1270 vicibus
1051 1209 1141 1269 lave·

358 1319 428 1379 tur,
448 1321 480 1366 et
500 1309 563 1366 sine
583 1309 664 1365 omni
683 1308 783 1367 caiore
804 1307 979 1368 exsiccetur.

281 1408 385 1466 Virtus
404 1404 542 1465 mercurii
562 1405 673 1482 dulcis,
701 1407 753 1465 sed
783 1399 903 1466 turdiut¹
918 1403 1041 1466 salivam
1061 1425 1141 1486 pro·

318 1505 439 1563 ducens.

282 1602 367 1660 Usus.
388 1600 551 1671 Phimosis,
572 1599 673 1659 ulcera
685 1600 855 1680 genitalium
876 1619 1037 1675 cancroaa,
1055 1599 1141 1660 fluor

317 1699 418 1770 albus,
438 1697 590 1776 bubones,
612 1709 703 1759 testes
716 1709 868 1758 tumentes
881 1709 972 1779 atque
985 1696 1138 1772 indurati,

316 1799 434 1878 aliaque
454 1797 534 1856 mala
553 1814 701 1858 excausa
721 1818 851 1858 venerea
870 1812 946 1858 orta.

277 1899 381 1959 Doris.
411 1898 532 1956 Inteme
561 1915 687 1976 granum
719 1895 877 1958 dimidium
909 1897 951 1958 ad
984 1899 1141 1979 integrum

317 1997 413 2078 primo
433 1993 503 2068 die;
532 1991 668 2074 quotidie
688 2014 813 2074 granum
839 1995 974 2058 medium
994 2010 1141 2078 augetur,

316 2107 352 2158 ut
372 2095 480 2156 sensim
499 2114 592 2176 mana
612 2092 746 2173 quinque
765 2092 973 2176 propinentur.

276 2272 509 2337 Mercurius
548 2271 806 2332 sonuumus
841 2274 1138 2348 comosum,

551 2370 810 2434 comosivus
832 2374 982 2450 annus,

276 2471 426 2536 umus
447 2470 713 2532 niomium
735 2471 1013 2536 comostvus.

234 2595 291 2674 Rp.
311 2589 451 2652 Mercurii
474 2590 531 2650 vivi
552 2588 687 2669 depurati
707 2598 823 2669 partem
843 2609 954 2669 unam,

314 2688 402 2750 Acidi
426 2686 586 2769 sulphurici
612 2685 796 2746 concentrati
824 2699 924 2768 partes
952 2687 1045 2763 dnm
1076 2688 1138 2750 soi·

355 2795 483 2858 ventur,
503 2784 646 2846 ebulliant
667 2786 704 2844 ud
725 2783 892 2858 imitatem,

313 2884 394 2948 Dein
415 2895 550 2947 terantur·
570 2895 600 2944 et
620 2883 801 2944 misceantur
821 2905 892 2945 cum
906 2885 1027 2968 aequali
1041 2909 1138 2969 quan·

354 2983 440 3044 titate
461 2979 529 3042 salis
548 2980 685 3041 culinaris
707 2979 800 3061 probe
814 2981 913 3042 siccati
927 2998 958 3044 et
974 2985 1137 3066 pulverati.

354 3081 559 3142 immittantur
584 3082 615 3138 in
645 3076 831 3146 cucurbitam
862 3084 1009 3151 vitreum,
1044 3097 1139 3143 etex

352 3179 462 3242 balneo
482 3199 591 3240 amnne
610 3175 663 3238 fiat
684 3176 861 3238 sublimatio.

276 3282 385 3345 Virtus
404 3276 650 3360 antisyphilitica‚
670 3276 846 3338 validissime
866 3277 1028 3340 resolvens.

277 3383 362 3444 laus.
383 3375 486 3440 Morbi
505 3373 636 3440 venerei.

273 3481 377 3544 Doris.
399 3479 504 3540 Graue
523 3493 576 3536 tex
595 3472 679 3535 totve
698 3471 730 3533 iu
751 3494 846 3554 aquae
872 3475 1037 3538 destinatae
1058 3478 1136 3540 libra

314 3600 389 3656 uun,
409 3596 497 3640 mane
517 3585 549 3638 ct
562 3576 676 3654 vesperi
689 3572 825 3634 cochlear
837 3594 931 3636 unum
944 3575 1135 3660 propinetur.
