2414 4156
541 89 574 118 Χ

349 327 505 378 narrata
532 327 665 378 unates
900 305 942 377 61

85 445 192 508 Dosr's.
219 443 262 503 Ad
285 445 437 525 scrupulos
457 446 534 505 duos
555 440 714 526 aliquoties
730 441 767 502 de
781 440 828 502 dia
842 439 873 501 in
887 441 951 524 pul·

131 564 219 616 vere,
242 547 327 602 uncia
349 541 522 603 dimidiato
544 543 653 602 infuso.

82 743 321 804 GENTIANAE
342 743 507 804 LUTEAE
523 763 577 804 seu
592 741 753 803 RUBRAE
764 742 856 802 radix.
873 741 952 803 Gerr·

39 848 135 908 tiana
155 847 248 904 luteo.
270 845 304 903 L.
327 842 366 903 cl.
387 844 426 906 V.
448 845 523 904 Ord.
544 845 654 926 Digyn.
678 843 826 904 Personat
846 841 876 902 in
898 841 951 904 st·

40 947 136 1028 pibus
159 947 307 1005 montium
330 957 511 1026 temperatae
531 942 664 1006 Rossiae.

87 1047 184 1108 Odor
204 1043 317 1106 debilis.
432 1106 439 1112 ,
538 1033 545 1044 ’

83 1148 194 1226 Sapor
214 1142 423 1215 amarissimus.

88 1245 204 1306 Virtus
228 1247 346 1316 tonica,
365 1242 608 1320 anthelmlntica,
629 1241 891 1327 antispasmurlica,
913 1242 953 1302 le·

130 1343 268 1424 brifuga,
290 1344 475 1426 autiseptlcu.
547 1371 550 1376 ·

91 1440 366 1520 Usus.Cacl1exiu,
387 1441 528 1516 arthritis,
550 1442 679 1518 icterus,
700 1443 797 1504 febres
810 1442 954 1504 intermit-

68 1597 70 1604 Α
128 1553 252 1620 tentes,
272 1541 438 1604 obstructio
451 1545 612 1616 viscerum,
634 1542 828 1624 scruphulae,
850 1543 953 1603 ulcera

131 1641 293 1717 fistulosa,
314 1663 438 1702 vermes.
464 1642 561 1704 Extus
582 1642 621 1704 ad
639 1642 791 1704 dilatanda
811 1643 954 1718 vulnera,

129 1755 162 1803 et
184 1743 303 1804 sordida
325 1742 436 1804 ulcera.

87 1845 194 1904 Doris.
217 1845 262 1904 Ad
284 1843 442 1904 drachmas
472 1842 547 1904 duas
577 1864 631 1926 per
657 1843 736 1904 diem
757 1843 788 1904 in
814 1843 953 1926 puluere,

129 1963 185 2004 seu
205 1941 324 2016 infuso;
346 1943 477 2024 extracti¹
491 1943 595 2025 aquosi
616 1965 706 2025 grana
728 1944 841 2005 decem.

86 2043 123 2102 ln
146 2042 247 2102 locum
271 2041 358 2102 huius
380 2044 527 2120 surrogari
548 2053 673 2124 possunt
699 2057 855 2123 sequentes
882 2063 953 2125 spe·

130 2141 211 2223 cies,
227 2154 278 2204 uta
303 2145 454 2204 &misna
465 2163 641 2224 purpurea,
655 2144 846 2224 campestris,
857 2165 952 2224 pseu·

129 2245 309 2315 monarche,
330 2245 486 2322 asseclatu,
515 2245 665 2303 amurellu
685 2243 719 2302 L.
740 2245 808 2302 Nun
825 2243 953 2303 consun-
1010 2321 1018 2334 δ

131 2343 224 2402 datur
244 2341 317 2402 haec
340 2341 422 2434 radix
442 2344 471 2401 ln
492 2340 667 2404 collectione
688 2363 756 2402 cum
778 2345 950 2406 Rauraculo

129 2443 223 2502 thora
243 2442 277 2501 L.

87 2639 379 2704 GEOFFROYAE
403 2639 652 2701 lAMAlCENSlS
674 2651 778 2702 cortex
798 2651 843 2702 est
866 2640 952 2703 cine·

45 2763 137 2822 reus,
162 2752 194 2802 et
216 2741 341 2802 subinde
362 2741 445 2802 rubn'
466 2741 510 2802 vel
529 2741 613 2802 ferrei
629 2740 755 2816 culou's,
774 2744 895 2804 maculis
909 2742 957 2804 di·

49 2845 197 2919 stinctus,
216 2831 385 2922 cpida-mis
412 2840 581 2922 deglubitur
599 2841 701 2915 facile,
727 2854 828 2904 cortex
852 2843 953 2904 suble·

48 2951 132 3013 ctus,
154 2936 182 2998 si
203 2935 305 3000 siccus·
320 2941 465 3014 evaserit,
487 2938 583 2999 refert*
597 2941 708 3000 ferrum
729 2939 864 3021 rubigine
884 2962 953 3002 our·

46 3050 190 3122 raptum,
212 3052 243 3098 et
263 3037 436 3119 superficies
456 3037 573 3098 interna
595 3049 639 3098 est
653 3042 786 3122 oneres,
809 3050 840 3104 ot
854 3041 952 3121 quoad

46 3149 209 3200 externum
229 3137 365 3198 habitum
386 3159 456 3196 cum
476 3139 588 3197 cortice
611 3137 778 3198 cascarlllae
793 3159 953 3221 compara·

48 3250 107 3298 tur.
132 3239 309 3318 Getrssroya
333 3239 457 3298 inermis
487 3237 609 3298 Schrcb.
641 3237 733 3300 Ls‘cl
757 3241 854 3304 thl.
876 3240 951 3300 Or'd.

48 3326 209 3400 Decandr(
224 3336 321 3398 Arbor
340 3339 370 3396 in
392 3338 519 3398 lamaica
539 3337 690 3419 frequens.

94 3437 185 3498 Odor
206 3434 432 3496 subnauseosus.
605 3421 607 3426 ⁵

90 3533 197 3615 Sapor
214 3533 304 3616 acris,
328 3537 499 3596 amaricans.

132 3635 258 3695 Pana.
279 3637 411 3696 Rosstcs

121 3806 159 3884 <ss
