2444 4156
343 325 498 378 narcara
523 325 656 377 namot
900 309 947 382 85

94 439 196 504 Vrrtm
217 443 246 501 ln
268 463 365 524 pauca
390 443 453 504 doci
483 443 655 524 resolvens,
685 442 713 504 iu
741 439 847 504 maiori
876 441 945 504 dra·

94 566 101 626 j
127 543 218 619 stica,
239 541 432 622 cardialgica‚
453 541 592 606 deurens.

93 641 171 702 Usus.
191 642 373 704 Exutorium
387 641 623 723 fonticulorum,
655 656 787 706 tumores
808 641 944 706 acirrhosi

124 752 154 802 et
174 741 317 806 venereis
339 757 374 804 ut
395 741 478 824 tophi
494 746 628 819 venerei,
648 744 766 806 dolores
787 749 942 823 nocturni,

124 851 259 902 tumores
275 841 481 912 tonsillarum,
502 841 730 923 testiculorum,
750 841 831 923 colli,
851 865 944 927 paro·

121 941 236 1018 fidum,
268 942 370 1004 sdoera
394 931 539 1022 venerea,
567 963 650 1006 acres
670 944 810 1006 humores
834 942 943 1006 alicubi

122 1051 310 1123 stagnantes.

86 1129 181 1203 Doris.
207 1141 330 1204 Radicis
352 1142 483 1207 mezerei
503 1143 663 1204 drachmae
689 1143 787 1224 duae,
817 1141 941 1207 totidem

103 1226 106 1232 ¹
123 1240 288 1324 liquiritiae
309 1266 377 1306 cum
399 1267 494 1328 aquae
515 1243 594 1306 libris
608 1247 699 1306 tribua
712 1246 750 1307 ad
764 1245 855 1307 libras
868 1247 943 1308 duas
1056 1237 1060 1246 ¹

120 1341 308 1421 decoctum,
332 1345 414 1427 quod
443 1365 497 1428 per
517 1345 596 1406 diem
620 1347 825 1421 consumiturr
854 1347 943 1408 eou-

119 1443 233 1523 plasma
256 1467 296 1510 cx
322 1447 447 1508 decocto
475 1445 586 1520 hocce,
616 1460 648 1507 et
675 1445 784 1523 lurina3
814 1443 942 1510 Corticis

121 1539 206 1620 sicci,
228 1558 318 1610 aceto
338 1546 416 1620 vini,
439 1547 618 1628 velaeque,
640 1567 695 1626 per
716 1557 797 1622 octo,
817 1545 865 1608 vel
886 1547 941 1608 de·

119 1661 182 1705 cem
206 1646 316 1724 boras,
336 1646 478 1708 macerati
498 1646 644 1721 frustum,
665 1643 856 1728 longitudinis
876 1645 941 1729 pol·
1007 1681 1009 1688 ⁴

122 1741 203 1825 licis,
225 1745 393 1808 latitudinis
407 1767 475 1827 sex,
499 1746 545 1808 vel
560 1761 628 1808 octo
642 1745 802 1820 linearum,
815 1745 942 1829 imponi·

120 1852 168 1904 tur
181 1847 362 1929 plerumque
375 1847 513 1919 brachio,
526 1846 630 1907 subter
644 1848 725 1920 loco,
740 1850 787 1906 cui
801 1845 940 1908 inseritur

89 2016 98 2040 1
121 1948 275 2008 musculus
290 1945 477 2022 deltoiteus,
498 1945 548 2008 vel
560 1945 624 2008 aliis
644 1946 794 2028 partibus,
808 1967 863 2028 pro
877 1945 940 2009 sciti

29 2123 31 2130 Ι
120 2044 229 2107 medici
250 2045 451 2128 indicatione,
476 2057 508 2108 et
528 2047 671 2130 spleniolo
691 2057 821 2124 tectum,
847 2046 939 2110 fascia

119 2140 267 2208 firmatur.

84 2235 202 2306 Praeter
222 2247 304 2306 hunc
324 2244 477 2326 fruticem,
499 2242 574 2306 aliae
595 2245 691 2306 adbuc
711 2244 853 2330 Daphnes
868 2258 938 2309 sunt

46 2419 53 2424 a
119 2344 250 2423 species,
271 2365 349 2427 quae
369 2348 511 2406 corticem
532 2343 644 2407 viribus
664 2345 757 2429 priori
776 2367 937 2430 ¹supparem

120 2459 263 2534 erogant,
278 2454 324 2505 ut:
346 2447 475 2523 Daphne
493 2447 695 2524 Threiciam,
716 2449 847 2529 Doplme
865 2449 936 2510 Gni·

120 2543 202 2604 diam
224 2539 260 2605 L}
282 2559 312 2606 et
332 2543 416 2606 hicce
437 2556 481 2607 ert
501 2561 605 2608 cortex
630 2567 717 2610 verus
748 2552 871 2628 (ecorce
896 2547 935 2609 de

119 2647 232 2727 geron)
254 2645 425 2722 Gallorum,
445 2657 477 2708 et
498 2649 629 2729 Daplsne
650 2649 791 2709 laurada
811 2649 845 2710 L.

84 2835 319 2906 MILLEFOLll
333 2845 446 2920 herba,
465 2845 565 2908 flores.
586 2848 732 2908 Achillea
746 2849 934 2929 millefolium
981 2901 984 2906 .

54 2930 80 2993 L·
97 2940 129 3000 cl.
148 2945 233 3007 XIX„
255 2935 331 3006 Ord.
350 2945 455 3028 Polyg.
477 2946 598 3028 superll.
619 2949 724 3008 Planta
745 2946 883 3031 perennis
902 2947 932 3010 in

55 3044 105 3098 tota
122 3042 227 3108 Russia
247 3067 300 3128 per
320 3037 441 3127 campos
461 3059 492 3107 et
513 3051 542 3106 in
563 3037 678 3129 pascuis
700 3048 836 3130 vulgaris.

89 3137 165 3203 Odor
185 3141 324 3204 foliorum
345 3155 376 3204 et
395 3141 505 3205 florum
528 3145 771 3208 subaromaticus.

85 3235 178 3320 Sapor
196 3241 457 3324 subadstringens‚
478 3242 652 3308 amaricans.

88 3335 187 3403 Virtus
208 3345 319 3417 tonica,
341 3333 504 3425 detergens.
536 3359 544 3368 “

90 3436 165 3504 Usus.
180 3441 408 3526 Haemoptysis,
420 3443 683 3507 haemorrhoidalis
696 3445 803 3509 nimius
816 3444 930 3526 fluxus,

120 3538 390 3606 Parsu.lloss1cs
682 3599 692 3606 .
831 3545 851 3606 8
