2414 4156
294 379 296 382 ·
346 365 503 420 retrusus
529 367 662 418 nenses
901 371 946 446 ²7

92 473 232 544 CAChO
253 477 365 542 usurus
390 497 414 542 s.
434 479 577 555 nueieuss
607 479 718 544 Oleum
750 499 773 542 s.
794 480 948 564 butyrum.

56 576 251 640 dheodrnma
266 576 379 640 Canna.
400 577 436 640 L.
449 579 486 640 ei.
500 577 613 642 XVIII·
629 578 704 640 ont
717 577 879 642 Pentandr.
893 578 951 641 Ar·

43 674 108 740 'hor
128 675 286 738 American
315 675 514 743 mssislionaiis
533 675 608 742 ionis
626 677 771 760 depressis
797 677 948 742 umbrosis

42 779 183 861 proptia.

94 875 186 942 odor
205 879 254 937 vix
273 875 361 940 uitus·

91 977 201 1058 Sopor
221 971 321 1034 nuclei
339 983 385 1036 est
402 985 525 1056 gratus,
545 972 683 1054 densus,
715 975 820 1040 innitar
839 974 951 1038 subad-

132 1073 301 1156 striugens,
321 1072 496 1136 amaricant.

95 1175 186 1238 Odor
205 1172 263 1236 olei
284 1182 397 1254 gratus.

93 1277 197 1359 Sapor
215 1273 361 1349 blandus,
381 1270 543 1338 subdulcia.

96 1377 206 1440 Virtus
226 1372 400 1447 emolliens,
420 1371 568 1437 relaxans.

97 1477 175 1540 Usus
196 1471 274 1536 Olei.
294 1470 543 1553 Excoriatinnes,
565 1470 688 1538 fissurae
713 1471 882 1548 labiorum,
901 1495 954 1558 pa·

132 1575 290 1660 pillarum,
304 1593 470 1655 mammae„
491 1571 560 1655 ani,
582 1571 843 1649 haemorrhoides,
864 1576 954 1640 ardor

133 1687 165 1738 et
186 1674 273 1736 dolor
292 1676 370 1734 intra
389 1693 498 1749 snum,
518 1673 610 1738 instar
629 1673 835 1758 suppositorii.

93 1777 139 1838 nd
165 1775 364 1836 instrumenta
394 1771 559 1856 chirurgica
591 1787 697 1838 eontra
725 1773 892 1856 rubiginem
921 1786 953 1837 et

29 1875 33 1884 '
135 1877 307 1957 aeruginem
326 1873 533 1948 defendenda,
563 1873 645 1935 uuila
673 1872 823 1957 pinguedo
853 1874 953 1956 aptior

134 1975 244 2052 haece,
264 1978 289 2038 si
310 1974 414 2036 endem
436 1970 629 2038 dbliniuntur.

92 2074 221 2149 Nueiei,
242 2095 297 2158 pro
317 2072 487 2136 diversitate
507 2073 588 2149 inei,
608 2077 638 2138 in
659 2074 754 2140 varias
775 2075 889 2158 speeies
909 2074 955 2138 di·

134 2173 346 2257 stinguuntur,
376 2172 428 2234 sed
455 2175 723 2256 praestantissimae
753 2193 856 2236 esrum
883 2187 954 2236 sunt

135 2274 231 2335 nuclei
253 2273 452 2346 curacenses,
480 2271 533 2354 qui
562 2275 593 2332 in·
613 2271 764 2354 provincia
785 2271 953 2354 fissuragua

133 2391 233 2437 novae
253 2369 414 2454 Hispaniae
433 2369 510 2434 hena
532 2371 642 2433 maturi
661 2371 851 2455 rediguntur.

93 2571 306 2645 ChJEPUT,
338 2589 400 2632 sen·
423 2570 607 2632 ctsnpun
636 2570 749 2633 oleum.
781 2572 953 2634 Matutam

50 2671 304 2736 Leucadendron.
324 2671 359 2729 L.
380 2669 417 2732 ci.
437 2671 548 2735 xvnt.
570 2669 646 2730 Ord.
673 2669 832 2752 Polyandr.
856 2669 954 2732 tirhor

51 2761 178 2847 indiae,
199 2771 381 2853 aliarumque
401 2769 563 2834 insularum
577 2770 784 2832 Moiuoesrnm
804 2770 953 2835 montibus

50 2874 203 2956 frequens.

96 2974 188 3036 Odor
207 2970 436 3053 camphoraceus
457 2993 524 3033 cum
546 2971 647 3054 aliqua
662 2973 761 3034 odoris
780 2970 957 3032 therebinti-

133 3069 219 3132 nanei
234 3067 371 3148 miscela,
391 3067 443 3150 qui
452 3067 468 3146 ‚'
483 3071 505 3130 si
519 3067 683 3152 copiosius,
700 3082 735 3132 et
748 3069 852 3136 fortius
865 3089 957 3130 nares-

134 3169 223 3245 i'en't,
253 3167 338 3230 initio
357 3183 403 3232 est
423 3173 574 3252 ingratus,
603 3167 712 3230 minori
740 3183 842 3230 eutem
865 3171 953 3251 nupia
1063 3203 1067 3210 r

139 3269 230 3330 valde
251 3281 363 3350 gratus.
784 3321 787 3328 .

93 3371 202 3452 Sapor
231 3370 359 3438 muttum
389 3370 584 3444 aromaticus,
613 3381 765 3432 momento
794 3378 958 3448 contactus·

136 3471 253 3553 iinguae
274 3490 391 3530 sensum
411 3469 527 3552 frigoris
546 3469 699 3552 imprimit.
789 3485 793 3497 ·

95 3572 205 3638 Virtus
225 3569 417 3654 cataracten,
439 3569 610 3648 stimulans,
631 3567 899 3653 antispasmodiea..
