2362 4148
242 301 288 376 aa
480 319 610 368 aaran.
635 319 775 368 anseres
801 321 830 368 r.
857 323 880 368 ι.

278 435 496 515 nursinum
518 433 726 496 cornuin.
757 433 922 517 caparra.
949 416 1136 514 pacianus.

240 539 274 599 L.
295 537 331 597 cl.
345 537 384 596 X.
407 533 482 594 Ord.
504 529 665 616 Monogyu.
689 535 785 594 Arbor
799 533 952 610 Brasiliae,
973 539 1136 618 praecipue

240 636 396 698 insularum
420 635 597 709 Maranhon‚
619 649 649 692 et
671 633 805 714 Gujauae
827 632 907 694 civis.

282 733 369 796 Odor
389 733 539 810 fragrans,
560 731 752 809 balsamicus,
774 753 833 791 non
856 735 997 812 ingratus.

256 834 383 916 -Sopor
410 851 528 891 amarus
557 833 689 912 punctim
719 841 844 910 acutus,
877 843 908 892 et
936 831 1052 912 liuguae
1081 830 1138 892 diu

317 931 484 992 inhaerens.

282 1032 390 1094 Virtus
411 1027 797 1106 balsaniica,vu1neraria‚
818 1029 971 1090 diuretica.
1075 1025 1077 1028 ’

285 1131 370 1192 Usus.
391 1130 522 1190 Vulnera
551 1134 679 1189 recentia
709 1131 858 1190 tendinum
894 1144 925 1190 et
953 1149 1137 1206 nervorum,

250 1235 261 1286 '.
321 1229 522 1310 gonorrhoea,
545 1229 758 1302 leucouhoea,
779 1230 924 1310 hydrops.

199 1344 221 1395 ,’
282 1331 385 1390 Doris.
407 1330 525 1388 luterne
546 1351 564 1387 a
584 1333 704 1408 guttulis
725 1326 874 1410 quinque,
897 1329 1016 1402 decem,
1037 1329 1076 1388 ad
1091 1328 1137 1390 vi·

320 1427 392 1510 ginti
413 1439 542 1508 quatuor
563 1449 615 1509 per
635 1427 714 1487 diem
741 1431 769 1486 iu
789 1425 926 1488 vehiculo
946 1435 1136 1510 sapouace03

321 1539 443 1588 externe
465 1525 563 1608 tepide
583 1525 748 1586 instillatur.

281 1626 376 1690 Huius
389 1626 514 1706 balsami
534 1627 689 1687 adulterati
704 1629 785 1706 signa
799 1637 868 1688 sunt
882 1629 1049 1709 sequentia:
1074 1631 1137 1689 Co-

321 1731 370 1790 lor
388 1725 650 1808 ssavo-pellucidus
673 1727 776 1799 decan
800 1730 901 1800 Odor,
921 1739 953 1789 et
973 1731 1136 1791 amaricans

321 1850 426 1910 sapor,
448 1849 518 1887 vero
539 1838 568 1887 el
589 1826 716 1907 genuino
731 1827 856 1887 debilior
870 1825 1025 1910 reperitur.
1042 1829 1135 1890 Adul-

318 1923 429 1986 teratio
459 1945 529 1982 curn
560 1924 630 1982 oleis
660 1927 802 2004 expressis
833 1924 980 2005 detegitur
1005 1927 1136 1986 tinctura

322 2021 459 2102 Tartari,
482 2025 510 2081 in
532 2041 591 2103 qua
612 2027 689 2082 enim
711 2022 869 2103 genuinum
886 2025 973 2105 plane
987 2024 1134 2107 solvitur,

321 2137 352 2184 et
373 2119 552 2205 pellucidum
573 2133 691 2200 manet,
712 2125 734 2182 si
755 2143 827 2183 vero
843 2124 942 2183 oleum
959 2125 1021 2185 lale
1036 2127 1134 2205 quod·

320 2223 389 2283 dam
418 2221 549 2282 balsamo
577 2221 738 2284 admistum
763 2222 872 2301 fuerit,
904 2223 1014 2286 solutio
1035 2225 1132 2286 lactea

320 2321 430 2382 evadit.

278 2519 496 2580 BALSAMUM
524 2519 791 2586 PERUVIANUM
820 2523 978 2601 Anauni,
1012 2538 1044 2585 et
1077 2525 1134 2587 NI·

241 2620 366 2682 GRUM.
389 2621 580 2700 Myroxylon
602 2621 801 2702 Peruiserum.
822 2624 858 2683 L.
872 2623 909 2684 el.
925 2617 962 2684 X.
979 2623 1055 2684 oid.
1068 2625 1134 2686 Mo·

240 2741 308 2801 nog.
321 2720 418 2780 Arbor
431 2719 460 2778 in
473 2741 564 2801 regno
578 2719 760 2798 Pacuviano,
781 2720 920 2802 Brasilia,
935 2735 1014 2784 terra
1028 2723 1134 2802 firma,

240 2819 357 2883 Mexico
376 2819 524 2881 habitans.

283 2919 369 2984 Odor
388 2919 446 2979 albi
466 2919 597 3000 fragrans
610 2932 640 2978 et
655 2919 767 3000 gratior
787 2921 900 2996 alter-03
922 2919 995 3002 nigri
1016 2926 1134 2997 suavis,

319 3019 452 3102 fragrans
474 3021 655 3100 styraciuus,
686 3030 717 3080 et
744 3019 905 3104 praecipue
931 3018 1058 3102 siliquae
1079 3045 1133 3087 va·

320 3121 406 3182 uillae
428 3121 591 3180 consimilis.

282 3218 384 3301 Sopor
404 3216 646 3300 pinguiusculus,
668 3221 843 3295 amaricans,
864 3219 1052 3281 acriusculur.

325 3317 431 3378 Virtus
449 3315 626 3388 vulnerum,
647 3315 852 3392 consolidans,
873 3319 1133 3400 antispasmodica.

287 3399 372 3477 Usus.
393 3417 526 3478 Vulnera
547 3437 721 3496 nervorum,
743 3417 861 3495 ulcera,
882 3429 1016 3492 tetanus,
1037 3421 1132 3482 colica

320 3517 471 3598 pictonum
485 3535 506 3573 a
517 3513 681 3588 debilitate,
700 3516 802 3594 dolor,
822 3527 853 3578 et
872 3515 1080 3583 convulsione·
1095 3541 1132 3584 ex

320 3613 516 3694 vulneribus,
530 3613 657 3676 asthma.
