2444 4156
253 261 328 308 tow
487 263 618 312 effluat.
645 263 790 312 ROSSICA
815 267 845 312 Ρ.
873 267 896 312 t.

285 372 497 434 PYRETHRI
507 375 598 436 radix.
611 377 768 436 Anthemii
774 378 953 457 pyrethrum
962 376 997 437 L.
1009 375 1046 436 cl.
1058 376 1146 438 XlX.

244 470 320 531 Ord.
342 472 496 554 Polygam.
518 473 636 555 superll.
658 476 765 560 Planta
785 479 919 558 perennis
933 476 1075 558 Europae
1096 497 1149 536 ca·

244 569 377 650 lidioris,
397 571 544 644 Arabiae,
566 574 688 656 Syriae,
709 575 794 656 regui
815 575 1019 657 Tunquensis.

289 673 375 736 Odor
396 671 491 733 siccae
513 674 619 734 nullus.

288 770 388 852 Sapor
407 770 559 846 fervidus,
580 770 666 834 initio
686 793 747 834 non
767 771 975 854 perceptibilis.

290 871 395 932 Virtus
416 871 716 953 apoplrlegmatizans.

290 974 375 1032 thus.
399 971 603 1052 Odontnlgia,
625 970 770 1055 paralysis
793 970 921 1054 linguae.

287 1072 388 1133 Dosis.
409 1071 468 1134 Vel
488 1073 592 1132 radicis
614 1073 755 1134 drachma
787 1093 846 1134 uua
878 1072 1071 1151 masticatur,
1102 1073 1150 1133 rel

326 1169 535 1232 drachmarum
556 1172 683 1235 duarum
706 1172 832 1258 decocto
854 1194 888 1234 os
909 1170 1064 1234 colluitur.

285 1269 422 1353 Pyrethri
442 1273 658 1332 succedaneum
679 1272 822 1332 habetur:
847 1271 982 1352 cachrys
1001 1274 1149 1334 odanto!-

324 1375 412 1458 gr'ca,
433 1382 464 1430 et
485 1371 628 1430 Achillea
647 1373 803 1452 ptarmica
825 1373 860 1432 L.

286 1572 485 1651 QUASStAE
500 1569 622 1652 lignum.
636 1573 768 1653 Quassia
782 1589 892 1632 arnam
906 1573 941 1632 L.
956 1572 992 1631 cl.
1010 1574 1048 1631 X.
1067 1573 1148 1632 0rd.

244 1673 406 1754 Monogyn.
428 1671 525 1732 Arbor
544 1673 574 1730 in
596 1669 781 1744 Surinamia,
813 1672 973 1754 Cayaana,
995 1683 1025 1732 et
1046 1670 1077 1732 in
1099 1674 1150 1730 in-

244 1773 307 1834 sula
328 1771 478 1832 Autillaua
498 1771 630 1832 Danicae
651 1770 807 1853 potestatis
836 1772 881 1832 St.
903 1773 996 1832 Crnix
1015 1771 1053 1832 ad
1075 1793 1148 1832 oras

243 1869 414 1934 fluviomm.

279 1970 374 2056 ¹Odor
395 1971 498 2031 nullus.

284 2074 387 2152 Sapor
406 2070 519 2133 intense
540 2091 655 2130 amarus
675 2068 745 2151 ligni
771 2072 909 2150 corticis,
940 2071 994 2134 sed
1025 2073 1149 2132 corticis

324 2168 431 2232 radicis
451 2170 539 2250 longe
562 2173 698 2229 amarior.

286 2270 318 2331 V
319 2273 394 2330 irtus
416 2266 531 2344 tonica,
552 2265 749 2340 stomachico,
770 2265 953 2348 antiseptica.

289 2371 370 2430 Usus.
390 2367 504 2430 Febres
526 2367 711 2428 remittentes
732 2382 763 2427 et
782 2365 1033 2438 intermittentes,
1053 2365 1148 2428 bilio-

323 2492 387 2548 sae,
401 2468 505 2529 laxitas
519 2465 726 2538 intestinorum
742 2482 773 2527 et
786 2465 893 2530 virium
909 2465 1146 2528 concontricium

324 2567 479 2645 debilitas,
500 2588 635 2649 spasmus
657 2566 838 2650 oesophagi,
858 2567 952 2627 colica
968 2566 1147 2646 ssatulenta,

323 2668 464 2750 hysteria,
487 2667 630 2746 arthritis,
651 2665 800 2744 diabetes,
821 2667 1004 2727 haematurin
1019 2666 1147 2727 rebellis.

284 2770 385 2831 Doris.
405 2768 556 2830 Drachrua
577 2789 636 2826 una
655 2787 724 2828 cum
747 2788 843 2849 aquae
864 2766 957 2828 unciis
982 2767 1146 2830 duodecim

323 2867 474 2940 inlusumi
495 2865 555 2929 Vel
575 2870 661 2928 uncia
682 2866 802 2927 dimidia
821 2865 853 2928 in
873 2888 969 2947 aquae
991 2887 1087 2948 purae
1108 2867 1145 2927 li·

322 2966 382 3028 bris
401 2987 454 3028 sex
474 2965 512 3026 ad
532 2964 686 3028 dimidiam
701 2965 936 3026 constitutionem
951 2968 1146 3047 decoquitur,

325 3079 430 3150 atque,
452 3065 556 3148 quovis
576 3063 713 3148 bihorio,
734 3064 838 3128 unciae
861 3081 918 3129 tres
934 3069 1143 3150 propinantur.

174 3307 177 3312 -
284 3263 474 3344 QUERCUS
489 3275 609 3337 cortex,
619 3261 695 3321 lolia.
709 3263 845 3344 Quercus
858 3265 951 3324 robur
959 3265 995 3326 L.
1005 3264 1043 3326 cl.
1054 3265 1143 3326 XXI.

245 3368 319 3428 Orat.
342 3364 498 3448 Polyandr.
519 3362 619 3424 Arbor
638 3362 759 3424 Rosciae
781 3366 914 3426 australis
934 3363 1017 3428 ciris.

289 3465 374 3530 Odor
394 3466 484 3526 totius
507 3460 621 3523 arbaris
642 3465 690 3524 vix
709 3461 795 3525 ullus.
