2414 4156
241 261 291 336 68
484 284 613 336 runnu.
639 285 783 337 aosstct
808 288 836 335 a.
864 289 885 336 t.

239 396 394 462 siccatum.
425 395 580 459 Hordeum
601 400 772 461 distichum.
793 401 828 461 L.
849 399 885 461 ol.
908 399 958 461 lll.
980 398 1057 462 ord.
1079 401 1137 462 Di·

239 518 311 581 gyn.
332 495 435 556 Planta
457 517 555 557 annua
575 501 683 558 aeritur
702 499 733 558 iu
752 496 841 581 agris.

283 595 369 658 Odor
390 594 496 657 nullus.

278 698 382 777 Sapor
402 694 574 758 farinaceus.

281 798 386 860 Virtus
406 798 523 882 reminis
543 796 626 857 crudi
647 807 678 858 et
706 797 809 879 perlati
838 799 929 880 magis
955 797 1136 872 obvolvens,

320 910 352 958 et
371 895 457 979 plus,
478 917 568 978 quam
589 917 701 972 avena,
722 898 876 971 nutriens3
898 896 1000 970 malti,
1024 897 1134 960 antise·

318 997 417 1080 plica,
438 995 535 1056 alvum
557 996 683 1057 solvent.

284 1097 359 1158 (saus
380 1094 498 1157 seminis
517 1094 602 1156 crudi
617 1097 661 1156 val
675 1094 820 1157 mundati.
841 1094 954 1157 Febres
969 1093 1137 1156 inflamma·

319 1200 431 1271 toriae3
444 1195 538 1259 Malti.
560 1195 664 1258 Ulcera
678 1198 797 1280 putrida
811 1209 841 1258 et
855 1196 1038 1268 scorbutica,
1053 1219 1139 1260 acro·

318 1297 441 1379 phalae,
452 1296 523 1358 item
538 1311 668 1359 tumores
683 1298 881 1378 cenomansi,
893 1295 1049 1358 diarrhaea
1065 1317 1137 1360 cou-

318 1395 412 1458 tinua.

278 1501 377 1560 Dosis.
399 1498 508 1558 Hordei
531 1498 664 1558 mundati
685 1499 789 1557 unciae
811 1497 889 1557 duae
908 1519 974 1557 eum
990 1518 1087 1579 aquae
1103 1495 1140 1557 li·

317 1597 379 1660 bria
399 1598 529 1678 duabus,
553 1598 590 1658 ad
604 1595 817 1657 remanentiam
832 1594 985 1656 unciarum
1001 1595 1134 1657 tedecint

319 1699 485 1759 decoctum.
514 1699 597 1758 Malti
618 1699 707 1758 librae
728 1698 806 1758 duae
836 1698 923 1780 triplo
955 1719 1048 1779 aquae
1074 1699 1138 1758 fer·

318 1796 415 1860 ventis
437 1797 669 1879 perfunduntur,
701 1808 731 1858 et
751 1817 806 1878 per
828 1811 903 1870 tres,
936 1798 983 1856 vel
1004 1809 1138 1878 quatuor

317 1895 420 1968 horas,
441 1917 508 1957 vase
531 1895 624 1977 probe
645 1895 747 1955 clauso
768 1894 963 1975 digeruntur,
985 1897 1135 1978 subsequa

256 2066 259 2072 1
318 1994 535 2056 decantatione.
557 1995 622 2055 Hoc
643 1995 829 2077 potulentum
850 2016 903 2077 per
922 1995 1000 2056 diem
1022 2017 1136 2058 camu-

222 2107 228 2126 “
318 2094 419 2157 mitur.

277 2295 503 2357 HYosctattt
524 2295 601 2356 lolia.
630 2294 840 2376 Hyoaeiamur
861 2298 953 2377 niger.
980 2299 1015 2357 L.
1036 2297 1073 2359 cl.
1097 2299 1133 2362 V.

128 2445 132 2454 .
238 2395 313 2456 Ord.
336 2396 456 2477 Monog.
478 2395 583 2458 Planta
604 2395 716 2457 biennis
737 2395 849 2478 ubique
870 2398 908 2457 ad
933 2395 1016 2470 vias,
1044 2409 1076 2459 et
1102 2403 1133 2460 in

236 2493 345 2556 fimetis
366 2495 512 2576 frequens.

280 2596 365 2658 Odor
384 2596 496 2657 herbae
516 2594 641 2658 recentia
655 2600 836 2676 nacottcus,
857 2600 1004 2679 ingratus,
1028 2611 1133 2661 contu·

317 2717 368 2756 eae
388 2694 551 2756 tabacinus.

278 2794 381 2876 Sapor
401 2796 511 2857 fatuus.

281 2895 367 2958 Odor
386 2899 531 2958 siccorum
551 2894 663 2957 debilis.

277 2993 388 3075 Sapor
401 2993 516 3074 nullas,
540 2993 588 3056 vix
608 2993 799 3054 actiunculas.

240 3129 243 3142 =
281 3095 389 3158 Virtus
400 3093 563 3174 acroatica,
577 3093 776 3177 phantastica,
792 3096 1038 3180 antispasntodica
1045 3143 1055 3175 ,
1069 3119 1132 3160 em·

318 3213 498 3275 menagaga,
520 3208 608 3253 extus
628 3193 786 3254 resolvens.

282 3295 356 3354 Usus
371 3291 513 3354 internus.
535 3294 698 3376 Paralysin,
720 3293 873 3375 palpitatio
888 3294 999 3375 curtlia,
1016 3299 1130 3372 mania,

318 3391 536 3473 convulsiones,
552 3395 757 3467 melancholia,
772 3392 927 3476 epilepsia,
947 3397 1129 3480 cephalalgia

320 3492 496 3566 inveterata,
511 3493 603 3555 colica
617 3497 784 3567 saturninae
799 3496 960 3558 Externus.
976 3499 1127 3562 'rumores

318 3592 403 3676 dati,
424 3594 550 3656 scit-rhua
571 3608 602 3656 et
622 3593 825 3658 convulsionea
847 3617 864 3656 a
885 3618 976 3660 nervo
996 3597 1086 3661 laeso.
