2444 4156
265 305 317 379 86
509 325 639 376 enanis.
667 325 810 376 nossrce
835 329 864 374 r.
892 329 914 374 1.

321 442 462 532 4ulcera‚
493 440 658 500 obstructio
678 440 845 514 mensium,
874 440 965 500 colica
986 437 1165 508 fistulata,

345 540 471 623 pollutio
493 555 655 613 nocturna,
675 561 818 602 nervosae
840 538 1021 600 affectiones.
1065 585 1074 590 -

307 643 407 701 Dosis.
436 639 586 710 Drachma
608 659 666 698 una
692 659 764 698 cum
789 659 885 720 aquae
912 635 1004 698 unciis
1031 647 1164 718 quatuor

347 737 488 796 infusum„

268 867 271 874 ·
307 835 417 896 Oleum
439 831 619 894 destinatum
641 833 753 894 viribus
775 834 813 893 ad
834 835 934 894 oleum
960 833 1165 892 chamomiiloe

347 938 481 1018 proxime
503 937 630 1012 accedit,
654 951 795 1016 tanquam
810 936 984 1016 anodynnm
994 979 1004 1009 ,
1026 936 1166 1015 antispas-

347 1036 521 1116 modicum,
545 1035 771 1099 carminativum
793 1037 919 1097 celebre.

239 1235 250 1250 ”
309 1234 551 1294 MILLEFOLII
573 1233 731 1293 NOBILIS
753 1233 863 1308 herba,
891 1232 991 1293 flores.
1021 1232 1165 1292 Achillea

266 1335 376 1395 nobilis
396 1337 430 1393 L.
453 1335 490 1394 cl.
505 1335 590 1393 XIX.
611 1334 685 1394 Ord.
701 1334 805 1415 Polyg.
827 1333 945 1414 superil.
968 1331 1076 1392 Planta
1097 1329 1165 1392 sub·

267 1431 407 1517 perennis
428 1433 459 1494 in
480 1419 671 1506 australibus,
692 1433 731 1491 ad
752 1433 880 1510 Volgam
902 1443 1077 1512 spontanea.

313 1533 398 1594 Odor
420 1535 670 1613 camphoraeeus,
693 1546 724 1591 et
744 1531 925 1593 manifestius
946 1533 1137 1592 aromaticus.

308 1632 391 1691 Haec
423 1631 523 1711 planta
553 1633 741 1717 praecedenti
772 1632 876 1711 speciei
911 1627 1017 1711 utiquc
1049 1629 1165 1711 praesc·

349 1732 441 1792 rende
462 1741 517 1791 est.

309 1927 582 1990 MILLEPEDES.
608 1931 734 1990 Onisccs
754 1930 864 1990 asellas
883 1930 919 1989 L.
941 1929 978 1989 cl.
996 1929 1036 1990 V.
1051 1930 1166 1990 Inserta

271 2041 382 2114 aptera.
403 2033 603 2110 Antiquocum
624 2048 780 2090 murorum
801 2041 831 2090 et
851 2032 998 2112 parietum
1019 2028 1103 2094 civis.

314 2133 400 2192 Odor
421 2129 524 2189 nuilus.

313 2232 417 2311 Sapor·
437 2227 549 2288 lenitur
569 2229 670 2288 salsus.

312 2333 418 2393 Virtus
439 2329 596 2402 dicretica,
616 2326 764 2404 incidens,
785 2330 926 2408 aperiens.

204 2493 206 2498 .
315 2430 402 2493 Usus.
425 2429 582 2510 Hydrops,
603 2429 733 2509 icterus,
753 2430 882 2504 asthma,
896 2428 1031 2511 dysnria,
1052 2429 1167 2513 nephri-

352 2532 409 2601 tis,
428 2526 593 2588 0bstructio
615 2525 772 2589 viscerum.

313 2630 413 2690 Doris.
434 2628 625 2708 Millcpedurn
646 2627 811 2690 recentium
830 2643 952 2691 centum
974 2650 1083 2692 succus
1102 2651 1167 2691 cum

357 2725 427 2787 iuris
447 2725 524 2787 libra
545 2747 612 2785 una.

314 2926 465 2988 MINIUM
485 2939 530 2986 est
550 2924 619 2986 calx
639 2924 752 3007 plumbi
773 2925 812 2988 ad
825 2927 1000 2990 rubedinem
1014 2927 1167 2990 calcinate.

319 3029 406 3088 Odor
423 3025 530 3086 nullus.

314 3128 420 3208 Sapor
440 3125 620 3187 dulcescens.

318 3229 423 3291 Virtus
443 3223 641 3306 adstringens,
662 3223 827 3299 exsiccans,
848 3247 916 3286 cum
935 3226 1003 3288 oleo
1024 3227 1155 3309 plastice:

320 3329 402 3388 Usus.
434 3326 545 3386 Oleum
565 3345 633 3385 cum
655 3321 748 3384 minio
769 3324 821 3386 dat
841 3347 969 3386 massona
994 3325 1167 3408 plasticam,

357 3446 434 3509 qnae
455 3426 619 3488 multorum
639 3423 867 3506 emplastrorum
886 3426 962 3490 basis
983 3440 1037 3488 est.
