2414 4156
229 291 274 362 82
470 309 598 360 rrntnn.
626 307 770 360 uocaret
796 313 824 358 r.
852 314 874 358 1.

267 425 369 486 Doris.
392 421 484 485 Uncia
507 445 566 486 una
589 425 625 484 ad
649 424 742 498 daras,
765 438 824 486 tres
845 426 883 486 de
904 423 963 488 die.

266 526 327 588 Mel
349 546 403 608 pro
426 528 505 586 varia
525 524 738 608 vegetabilium
760 525 879 604 indole,
900 524 1058 607 colligendi
1075 545 1127 585 cn·

309 624 452 705 cheircsl,
474 629 631 709 patriaque
651 624 764 708 ipsius,
799 628 880 688 varia
902 623 1009 708 accipit
1029 623 1127 686 nomi·

237 711 241 720 .
307 750 368 807 na,
390 738 443 788 utr

221 815 226 824 ’
268 829 330 890 Mel
351 831 515 910 virgineum
538 839 602 905 est,
623 828 705 909 quod
727 843 854 910 sponte,
888 830 947 889 slve
971 827 1009 888 ad
1032 827 1126 888 levem

308 929 454 1001 calorem,
475 927 618 990 diffractis
637 929 708 990 lavis
723 927 846 998 defluit.
867 943 898 991 et
913 944 957 991 est
970 927 1126 1012 optimum.
1198 939 1199 954 ¹

266 1032 328 1092 Mel
350 1050 508 1090 commune
531 1029 577 1089 vel
592 1029 719 1090 crudum
741 1043 801 1103 est,
823 1029 906 1110 quod
920 1029 1061 1092 torculari
1076 1049 1126 1090 ex·

309 1129 468 1212 primitur,
490 1151 587 1190 ceram
609 1129 765 1207 redolens,
786 1144 818 1191 et
837 1143 882 1190 est
905 1128 997 1190 vilius.

221 1289 226 1294 .
269 1231 330 1293 lllel
352 1232 579 1314 despumatum,
599 1231 647 1293 vel
668 1242 844 1312 excoctum,
865 1251 959 1313 quum
980 1229 1053 1292 illud
1075 1251 1128 1294 co·

185 1329 188 1334 ’
307 1328 406 1391 ctione
428 1329 555 1390 multum
577 1332 689 1410 gratiae
709 1329 825 1410 perdit,
856 1350 911 1390 nec
932 1329 1045 1392 bonurn
1068 1328 1126 1390 mel

309 1434 503 1513 deputatione
525 1451 599 1512 opns
619 1430 730 1504 habet,
751 1430 819 1503 hinc
839 1429 952 1492 eviluit.

267 1530 328 1592 lllel
349 1529 549 1590 Narbonense
563 1540 607 1589 est
634 1527 833 1606 albissimum,
864 1515 1129 1612 granosissiurnrn,

308 1627 518 1691 Rosrnarinum
532 1628 665 1703 redolet,
684 1626 753 1688 hinc
774 1627 906 1688 omnium
921 1626 1058 1712 princeps
1073 1631 1125 1690 ha·

308 1732 413 1803 betur,
434 1731 517 1792 euius
538 1726 673 1811 dignitati
695 1750 755 1790 non
776 1727 854 1790 cedit
875 1728 935 1790 Mel
957 1728 1061 1813 Lipeta
1086 1730 1129 1791 dl·

310 1841 402 1890 cturn.
1198 1907 1199 1962 1

221 1982 226 1994 i
269 2030 473 2092 MELlLOTl
494 2029 585 2090 herba
606 2048 675 2089 cnm
696 2027 827 2089 floribus.
855 2028 1018 2107 Trifolium
1036 2029 1129 2088 meli·

230 2132 307 2192 lotas
327 2130 494 2212 officinalis
519 2131 554 2190 L.
576 2129 612 2189 cl.
634 2128 718 2191 XVI.
742 2128 815 2188 Ord.
837 2127 987 2188 Decandr.
1019 2127 1128 2188 Planta

230 2253 330 2292 annua
351 2231 397 2292 vel
418 2230 533 2291 biennis
555 2233 583 2289 in
606 2231 708 2290 Roscia
729 2229 849 2290 australi
871 2239 1045 2310 spontanea.

273 2331 359 2396 Odor
380 2333 504 2392 siccatae
525 2330 644 2413 plantae
659 2330 745 2412 longe
760 2329 950 2412 fragrantior,
973 2347 1066 2410 quam
1082 2349 1129 2390 re·

309 2429 413 2493 centis.

221 2611 223 2618 Α
270 2531 373 2610 Sapor
393 2527 583 2608 subamarus,
603 2527 778 2591 herbaceus.

273 2631 381 2693 Virtus
402 2629 570 2705 resolvens,
591 2628 763 2691 discutiens.

274 2734 358 2794 Usus.
379 2732 545 2812 Fomenta,
567 2731 778 2812 cataplasmata
793 2725 996 2803 discutienda,
1017 2740 1048 2790 ct
1061 2749 1128 2789 em·

310 2832 454 2916 plastrum
476 2834 522 2895 sui
542 2830 683 2894 nominis.

271 3031 467 3094 MELISSAE
482 3030 583 3093 herba.
598 3031 725 3091 Melissa
738 3027 907 3109 officinalis
927 3028 963 3090 L.
985 3026 1021 3088 cl.
1044 3028 1131 3089 XIV.

231 3132 305 3195 Ord.
329 3134 493 3216 Gymnosp.
515 3133 620 3192 Planta
642 3133 778 3212 perennis
799 3131 828 3190 in
842 3130 947 3190 Rossia
962 3141 1131 3212 temperata

231 3235 386 3299 hortensis.

274 3338 361 3399 Odor
380 3337 505 3398 recentis
526 3345 557 3396 et
581 3332 675 3396 siccae
700 3331 856 3414 fragrans,
886 3331 946 3394 fere
973 3329 1131 3394 llaredinis

261 3439 263 3444 ’
311 3435 427 3496 corticis
448 3432 523 3496 citri.

274 3535 378 3619 Sapor
398 3535 493 3598 siccae
515 3533 603 3610 acris,
626 3528 816 3594 aromaticus.
