2414 4156
260 290 305 363 26
491 311 620 362 ratam.
647 310 791 363 nossrca
816 312 845 359 r.
874 313 897 357 1.

294 424 382 486 Usus.
403 424 588 499 Scorbutus‚
617 425 778 499 anorexia,
807 421 960 496 cachexia,
988 422 1145 506 hydrops,

330 525 445 584 asthma
465 526 685 608 hydropicum,
706 526 850 602 raucedo,
872 521 1011 584 arthritis.

288 622 389 683 Doris.
402 622 496 684 Uncia
506 624 624 684 dimidia
639 644 707 684 cum
721 621 793 683 iuris
808 621 881 681 libra
894 643 955 681 una
969 623 1147 695 decoctum

329 720 410 783 succi
430 725 558 804 expressi
580 721 666 784 uncia
687 742 837 783 unacum
860 719 929 782 vino
950 719 1032 780 albo.

288 919 459 981 anuloni:
480 919 587 991 flores,
608 919 716 994 herba,
738 917 832 980 radix.
848 920 966 979 Arnica
985 931 1144 978 montana.

249 1022 286 1083 L.
306 1021 342 1080 cl.
358 1020 440 1080 xlx.
463 1019 538 1080 ont.
560 1020 666 1102 Polyg.
687 1019 808 1103 superfl.
828 1019 935 1080 Planta
957 1016 1093 1102 perennis
1117 1022 1145 1077 in

250 1118 358 1180 Sibiria
379 1118 500 1179 australi
522 1131 694 1200 spontanea.

251 1240 255 1256 ‘
292 1219 378 1281 Odor
400 1217 588 1300 graveolens,
611 1220 853 1278 sternutationem
875 1238 1008 1279 movens.

289 1318 395 1400 Sapor
415 1316 594 1395 amaricans,
615 1317 708 1392 acris3
730 1320 815 1379 Folia
836 1317 945 1378 siccata
965 1315 1147 1398 fragiuscula

331 1422 407 1477 inter
428 1437 533 1478 manus
554 1416 712 1478 confricata
733 1428 762 1478 et
776 1417 884 1478 olfacta
898 1415 1145 1478 sternutationem

331 1516 472 1578 excitant.
1100 1519 1107 1524 ’

200 1680 204 1688 ,
293 1618 404 1678 Virtus
426 1619 595 1693 resolvens,
615 1617 795 1698 discutiens,
824 1617 959 1693 irritans,
978 1617 1122 1678 dinretica
1133 1663 1145 1698 ‚

328 1716 552 1800 diaphoretica‚
573 1739 797 1801 emmenngoga.

293 1817 380 1879 Usus.
396 1817 622 1900 sugillationes,
644 1821 740 1879 morbi
754 1820 904 1894 muscosi,
925 1816 1145 1881 obstructiones

297 1909 300 1916 ’
330 1915 499 1992 viscerum,
520 1921 678 2001 paralysis,
701 1922 873 2000 amaurosis.

288 2019 390 2078 Doris.
411 2017 534 2077 Florum
555 2019 697 2082 drachma
711 2040 785 2096 una,
807 2018 843 2077 ad
857 2019 976 2077 unciam
992 2017 1146 2078 dimidiam

327 2117 358 2175 in
378 2113 453 2175 libra
468 2136 533 2189 *una
554 2136 649 2197 aquae
669 2117 811 2176 ferventis
826 2116 957 2175 infusum
972 2137 1025 2197 per
1046 2114 1145 2191 diem3

328 2214 447 2277 Radicis
461 2236 479 2275 a
492 2218 587 2295 grnnis
601 2215 752 2297 quinque,
773 2216 893 2287 decem,
914 2215 952 2274 ad
967 2215 1146 2296 scrupulum

330 2335 443 2390 unum,
464 2325 495 2373 et
509 2313 546 2372 ad
560 2314 733 2374 drachmam
748 2336 837 2374 unam
852 2317 880 2372 in
898 2314 1019 2394 pulvere
1035 2311 1145 2388 datur3

328 2415 440 2474 herbae
461 2414 601 2474 drachma
622 2436 695 2493 una,
719 2435 786 2474 cum
803 2436 897 2496 aquae
917 2413 1011 2475 unciis
1024 2433 1076 2474 sex
1097 2412 1146 2473 in·

327 2513 446 2587 fusum,
476 2534 593 2596 semper
623 2525 707 2574 extra
732 2514 857 2594 febrim,
890 2528 920 2575 et
952 2514 1146 2595 plethoram,

329 2623 499 2693 usurpatur.

286 2709 394 2772 Amica
420 2733 481 2772 non
512 2711 719 2774 confundenda
749 2726 793 2772 est
816 2733 886 2772 cum
914 2710 1146 2794 Hypochaeride

330 2813 487 2874 maculata.
953 2817 967 2827 “

291 3015 359 3074 ARI
379 3013 471 3075 radix.
499 3015 595 3074 Arum
617 3015 811 3075 maculatum.
844 3017 879 3076 L.
909 3015 945 3076 cl.
967 3017 1037 3076 XX.
1067 3016 1145 3078 Ord.

250 3114 409 3195 l'otyandr.
430 3114 537 3174 Planta
559 3113 695 3197 perennis
716 3113 887 3176 nemoribus
910 3113 1032 3176 Rossiae
1062 3127 1147 3178 tem·

252 3217 405 3294 perauoris
427 3233 569 3274 crescens.

295 3313 381 3372 Odor
399 3312 510 3374 nullus.

291 3413 396 3492 Sopor
415 3435 565 3495 pungens,
587 3411 780 3473 exsiccatione
795 3427 824 3474 et
842 3413 954 3475 lotione
969 3436 1021 3497 per
1035 3435 1146 3498 aquam

332 3517 478 3596 repetita,
500 3515 660 3594 mitigatur.
