2444 4156
342 312 500 364 marcnes
526 310 659 362 nantes
897 285 946 386 95

104 426 298 488 PsssnssE
319 428 514 507 nstttORES,
545 447 598 488 seu
624 423 948 515 consummem,

71 542 129 588 sunt
147 527 254 588 baccae
276 527 410 590 siccatae.
443 528 525 588 Viris
552 530 701 606 vinffirrac
726 545 881 608 apyrenae
912 527 948 588 L.

70 625 101 685 cl.
121 629 154 688 V.
177 627 251 686 Ord.
275 628 438 709 Monogyn.
468 626 566 688 Patria
594 625 657 688 eius
685 637 730 688 cst
760 647 821 688 non
852 623 949 687 solum

70 725 234 799 Corinthus,
256 727 307 788 scd
323 727 412 788 etiam
424 727 601 810 Zacynthia,
615 725 797 811 Cephalonis
802 771 813 807 ,
827 740 865 815 et,
874 725 950 786 alise

68 823 166 888 insulae
187 827 278 889 maris
299 827 405 888 ionici.

103 926 183 987 Odor
202 926 255 987 vix
276 926 363 988 ullus.

102 1026 199 1106 Sapor
220 1027 316 1100 dulcis
330 1050 397 1088 curn
413 1047 517 1102 acore,
537 1026 740 1110 nigricantium
755 1027 949 1090 dulcissimus.

102 1127 204 1188 Virtus
225 1129 419 1207 demulcens,
439 1128 634 1211 refrigerans,
654 1125 812 1190 lubricans.

105 1229 182 1288 tuus.
217 1228 325 1292 Tussis
347 1228 555 1312 languentibus
584 1227 805 1310 pleuriticnrum
836 1229 951 1312 sputis,

136 1329 314 1410 stranguria.

101 1427 196 1489 Doris.
220 1431 317 1501 Unus
338 1432 486 1493 unacum
507 1449 601 1509 aquae
622 1427 699 1490 libre.
716 1451 775 1492 una
796 1428 833 1492 ad
852 1431 950 1490 uncias

138 1540 204 1590 octo
226 1530 398 1591 decoctum.

71 1769 73 1774 .
100 1728 297 1804 PECUR1M‚
319 1749 370 1790 seu
391 1728 585 1790 PICHURIM
605 1728 681 1790 seba.
695 1728 738 1793 Ex
751 1728 853 1790 Lauro
876 1749 951 1812 qua·

68 1825 147 1889 dem?
168 1829 199 1890 in
220 1851 317 1911 regno
339 1831 493 1912 Parnguny
513 1840 670 1892 crescente.

104 1929 183 1990 Odor
200 1932 356 2012 fragrans,
378 1929 523 1991 Sassafius
544 1929 692 2007 reserens,
711 1927 878 2018 inhaerens.

101 2032 195 2110 Sapor
216 2033 406 2092 aromaticus.

105 2129 207 2192 Virtus
230 2129 432 2203 stomachus,
453 2125 647 2211 adstringens.

106 2231 182 2292 Usus.
206 2227 406 2313 Dysentetiae
426 2239 605 2304 cestrenses,
626 2227 753 2293 vomitus
765 2227 952 2311 pertinaces,

139 2327 218 2390 fluor
234 2329 335 2398 ,albus

104 2427 199 2488 Doris.
221 2432 248 2490 Δ
269 2409 366 2509 granis
386 2425 489 2486 decern
519 2427 557 2488 ed
586 2429 740 2510 scrupulos
762 2427 857 2507 duos,
884 2425 953 2504 bis,

140 2541 201 2602 ter,
222 2537 330 2608 quater
350 2524 387 2586 de
408 2524 464 2586 die.

103 2723 375 2803 PETROLEUM‚
397 2744 451 2784 seu
472 2723 614 2784 OLEUM
627 2723 797 2788 PETRAE.
816 2727 953 2787 Bitumen

70 2825 221 2896 petrolenm
242 2826 278 2884 L.
300 2823 355 2884 Est
374 2820 508 2882 bitumen
529 2822 693 2903 liquidum,
724 2843 761 2884 ex
791 2835 886 2884 terrae
907 2822 954 2884 vi·

72 2923 189 2986 sceribus
212 2926 391 2997 scaturiens,
411 2920 601 3005 empyreuma'
621 2923 725 3001 olens,
756 2937 845 3004 gustu
866 2944 953 3001 acre,

73 3017 156 3102 fitque
175 3026 277 3087 colore
299 3025 384 3098 albo,
406 3025 517 3102 rubro,
538 3022 693 3106 nigroque.

106 3124 208 3188 Album
230 3137 332 3208 petrae
352 3125 461 3188 oleum.
476 3125 568 3203 Quod
583 3137 627 3186 est
639 3127 803 3206 genuinum
817 3145 869 3186 seu
884 3143 953 3207 pro·
1023 3179 1029 3191 .

74 3220 129 3299 pris
149 3225 287 3310 Naphtha
308 3224 433 3298 dicitnr,
463 3237 567 3306 estque
588 3225 735 3300 fortioris,
765 3223 904 3306 reliquis,
924 3237 955 3285 et

77 3319 163 3386 minus
183 3328 319 3387 nauseosi
340 3323 454 3408 odoris,
482 3346 559 3406 aqua
579 3339 610 3386 et
628 3324 731 3408 spiritu
753 3327 807 3386 vini
828 3322 955 3384 indisso·

76 3414 155 3482 bibile
174 3440 205 3485 et
223 3425 330 3506 frigore
351 3443 411 3482 non
432 3424 567 3503 cogitur,
587 3424 639 3484 scd
661 3433 758 3484 aetate
779 3421 878 3486 evadit
898 3420 955 3482 ssa·

79 3524 202 3608 vunttn
221 3520 339 3586 Persiae
360 3521 442 3584 Bncu
464 3521 552 3584 datur
572 3519 829 3602 copiosissimum·
