2444 4156
303 313 346 359 nn
373 310 538 362 amaran.
564 313 610 360 nr
637 312 746 374 coam
901 286 962 362 151

140 422 205 488 vivi
227 439 326 507 partes
348 438 496 507 quatuor.
517 445 674 508 quousque
695 423 805 507 globuli
827 423 966 485 mercurii

140 522 173 584 in
197 535 297 587 totum
320 513 529 608 disparuerint.

102 625 221 686 Wrtur.
244 625 423 700 Resolrens‚
445 622 660 698 mundificans,
681 622 913 685 anthelmiutica.

103 723 189 782 Usus.
214 723 365 782 Tumor-es
386 722 594 803 glandularum
616 721 704 796 colli,
735 720 966 784 exulcerationes

136 826 284 904 antiquae
307 821 475 897 fistulosae,
506 825 616 884 scabies
644 821 734 898 eirca,
763 821 851 884 lebria
872 845 964 906 quar·

136 932 213 982 tana
237 942 307 982 cum
331 921 489 984 vermibus.

100 1024 206 1084 Doris.
229 1023 277 1084 Ad
298 1021 470 1104 scrupulum
490 1019 661 1084 dimidium.

98 1199 313 1260 AETHIOPS
337 1199 644 1276 Anunontntts,

99 1298 413 1360 SULPHURETUM
435 1301 704 1364 HYDRARGYRI
727 1299 960 1365 STtBtnTrJM.

63 1417 113 1504 Rp.
142 1420 311 1484 Antimonii
332 1421 415 1483 crudi
436 1421 625 1506 patrocinari,

137 1523 287 1586 Mercurii
304 1522 361 1584 vivi
374 1545 431 1584 ana
445 1536 543 1605 partes
554 1525 710 1607 aequales,
731 1526 820 1586 misce
840 1522 870 1584 in
886 1546 964 1585 mor·

22 1701 26 1712 k
137 1622 220 1686 tario
244 1627 334 1683 vitreo
356 1643 393 1682 eo
413 1644 526 1705 usque,
549 1625 645 1686 donec
666 1623 697 1686 in
718 1634 814 1686 toturn
847 1645 962 1686 merou-

137 1722 204 1785 rius
228 1721 418 1805 disparuerit.

102 1822 219 1884 Virtus.
243 1819 492 1902 Anthelmintica,
513 1823 674 1885 resolvens.

104 1921 192 1984 Usus.
216 1924 357 1995 vermes,
389 1921 554 1984 obstructio
588 1923 816 2005 glandularum,
848 1922 963 1986 acnbier

140 2043 290 2101 venerea,
313 2025 382 2082 vitia
402 2022 569 2084 oculorum.

100 2122 199 2185 Duru.
224 2122 384 2184 lnfuntibus
405 2144 423 2182 a
444 2143 537 2204 grano
557 2143 618 2184 uuo
639 2123 677 2184 ad
698 2122 849 2207 quinque3
872 2122 961 2184 edut-

141 2223 179 2286 tis
202 2224 243 2284 ad
264 2223 450 2306 scrupulum.

102 2405 531 2485 rucinnclnsrrcurr,

103 2503 343 2567 caeremon
365 2504 648 2585 roraurntn,

62 2645 69 2681 Ι
103 2603 219 2666 Liris
242 2604 489 2683 moenera,

102 2704 288 2774 rorasse
311 2705 417 2765 enai
439 2725 494 2765 seu
515 2704 729 2768 ctusrrcn.

68 2822 120 2908 Rp.
140 2826 248 2890 Lixivii
269 2827 390 2888 caustici
411 2840 556 2909 quantum
577 2826 670 2887 lubet.

105 2927 138 2988 lu
156 2950 228 2991 vase
249 2929 344 2988 lerrco
366 2941 426 2986 tam
441 2925 493 2986 diu
506 2938 701 3008 evaporetur,
726 2926 824 2988 donec
843 2930 959 3010 guttula

141 3027 230 3112 lapidi
251 3025 357 3108 frigido
376 3025 516 3086 instillata
529 3023 708 3088 indurescat.
730 3028 758 3087 T
762 3047 818 3088 unc
833 3027 874 3089 eal
889 3013 959 3090 cin·

143 3126 243 3188 cibulo
257 3126 452 3200 immittetur,
467 3139 497 3185 ct
510 3123 586 3205 ignia
599 3124 628 3186 ei
641 3125 847 3205 admoveatur,
862 3147 959 3210 usque

145 3220 217 3288 dum
239 3223 299 3286 olei
318 3224 412 3284 forma
434 3221 525 3296 fluat,
551 3223 633 3304 quod
665 3224 764 3286 subito
789 3226 960 3287 effundatur

144 3328 171 3387 in
192 3327 326 3388 canalem
347 3326 474 3386 ferreum
498 3325 669 3386 calefactum
692 3338 722 3386 et
736 3325 958 3388 oleooliverum

143 3427 267 3507 illitum,
291 3429 340 3506 qui
362 3445 476 3507 pennae
498 3423 648 3485 anserinae
663 3424 893 3508 magnitudinem
908 3426 960 3488 ba·
1086 3447 1088 3452 ·

144 3525 210 3602 bet;
243 3527 360 3586 tandem
382 3527 410 3583 in
441 3525 564 3596 frustula
585 3525 845 3604 incarceremur,
872 3536 903 3588 et
927 3523 959 3587 in

145 3625 221 3687 vitro
241 3623 335 3708 probe
357 3624 460 3688 clauso
479 3637 624 3688 servetur.
