2414 4156
231 325 273 376 10
467 322 595 370 Pnttttr.
622 323 766 372 tossict
792 325 821 369 1³.
851 325 875 371 l.

265 435 516 498 AMYGDALAE
527 435 695 508 DULCES,
705 436 802 496 oleum
815 453 998 517 expressum.
1010 439 1125 516 Amyg·

224 535 312 598 dahas
331 537 506 596 communis.
527 537 562 596 L.
584 534 620 594 cl.
642 537 712 597 Xll.
740 537 814 597 Ord.
836 537 1003 616 Monogyu.
1027 536 1126 596 Arbor

105 659 111 682 t
226 642 255 698 in
287 634 440 697 Gubernio
462 635 708 712 Acti-achonensi,
740 651 772 696 et
801 633 951 696 Acoriensi
983 637 1126 714 colenda,

226 739 354 799 occurrit
363 748 524 816 spontanea
535 735 613 794 circa
628 739 831 816 promontoria
843 735 969 796 Caucasi
984 735 1126 797 australia

226 839 264 899 ad
285 835 401 908 Tessis‚
423 846 453 895 et
474 841 501 894 in
526 835 679 896 Caclretia.

269 939 357 998 Odor
377 937 548 996 nucleorum
571 934 687 997 debilis.

269 1041 369 1119 Sapor
389 1035 580 1114 dulcescens,
603 1034 691 1096 mitia.

233 1181 237 1190 .
270 1138 374 1200 Virtus
394 1135 576 1206 obvolvens,
597 1138 748 1208 nutriens,
775 1133 844 1194 Olei
866 1133 969 1213 frigide
991 1133 1125 1216 expressi

306 1235 415 1294 blande
436 1235 697 1314 antispasmodicn,
718 1233 874 1304 relaxans,
894 1233 1076 1294 obtundens.

271 1337 344 1395 Dius
365 1334 550 1394 nucleorum.
576 1335 689 1394 Febres
719 1333 927 1408 vulneratiae,
946 1336 1055 1393 morbi
1077 1334 1127 1393 in-

279 1483 282 1490 .
307 1433 513 1508 flammatorii,
529 1436 630 1494 urinae
641 1434 743 1506 ardor,
757 1434 1023 1514 haemorrhagian
1042 1435 1127 1514 Olei,
1194 1479 1195 1488 i

307 1534 396 1596 tussis
418 1546 448 1594 et
470 1533 632 1615 stranguria
641 1539 653 1608 ,'
669 1535 787 1596 dolores
809 1535 986 1617 nephriticl‚
1013 1535 1126 1596 colicae

306 1635 532 1717 spasmodicae,
564 1636 681 1697 dolores
712 1647 779 1718 post
813 1652 952 1719 partum,
988 1658 1127 1716 vermes,

307 1736 476 1817 eclampsla.

266 1833 369 1893 Doris.
391 1832 624 1915 Amygdalcrum
653 1833 784 1894 dulcium
814 1833 920 1895 unciae
946 1836 1024 1894 duce
1055 1854 1127 1894 cum

307 1953 404 2014 aquae
425 1954 517 2013 purae
538 1932 620 1993 libris
642 1933 757 1994 duobus
779 1946 809 1995 et
829 1935 951 1996 dimidia
977 1934 1008 1996 in
1031 1935 1129 1994 emul-

307 2029 399 2094 aioue.
421 2033 486 2094 Olei
508 2032 547 2092 ad
567 2031 681 2114 aliquot
702 2033 876 2094 cochlearia.

266 2231 517 2294 AMYGDALAE
545 2232 708 2294 tMthE
736 2245 808 2294 aunt
839 2234 1043 2316 praecedentia
1070 2254 1127 2294 ra-

307 2329 410 2394 rietus.

270 2429 357 2492 Odor
377 2429 492 2495 debilis.

267 2531 372 2612 Sopor
392 2530 571 2604 amaricans,
592 2530 621 2590 in
643 2533 879 2594 Laurccerasum
901 2531 1043 2594 incidens.

272 2631 377 2692 Virtus
398 2631 551 2714 anodyna,
572 2631 734 2705 diuretica,
760 2632 828 2692 seris
850 2634 1015 2699 dcleteria..

270 2730 359 2792 Usus.
379 2731 493 2792 Febrca
529 2730 694 2814 pertinaces
728 2730 982 2809 intermittentes,
1013 2731 1127 2812 hydro·

308 2827 429 2910 phobic.

267 2925 369 2988 Doris.
393 2929 425 2988 ln
446 2929 543 2992 forma
562 2926 750 3001 emulsionis,
771 2944 805 2988 ut
826 2929 1056 3010 praecedentes,
1079 2928 1129 2988 vel

307 3025 441 3109 integrae
463 3029 576 3108 aliquot
596 3028 769 3110 amygdalae
791 3029 1001 3089 comeduntur.
1016 3027 1126 3088 Oleum

309 3147 480 3208 expressum
501 3149 561 3187 nou
583 3127 681 3188 differt
696 3149 801 3209 sopore
817 3128 854 3188 ab
870 3129 964 3188 altero
979 3127 1128 3206 dulcium,

309 3239 340 3288 et
361 3227 472 3288 tardius
493 3228 589 3290 altaro
610 3227 765 3290 rancescit.

267 3425 517 3487 AMYGDALAE
539 3426 670 3486 NANnE
692 3425 797 3486 nuclei.
819 3424 1011 3505 Amygdolus
1032 3445 1126 3486 noea.

225 3529 263 3591 L.
284 3527 320 3590 cl.
341 3529 408 3590 ΧΗ.
430 3527 504 3590 Ord.
529 3528 688 3609 Monogyrt.
723 3531 755 3587 lc
782 3525 938 3588 Gulreruio
968 3526 1126 3588 murcha-
