2444 4156
312 308 356 354 nn
382 305 545 356 reicere.
572 309 617 358 er
643 309 745 357 corre.
905 281 973 358 153

121 464 323 560 account
345 501 424 560 vui
448 499 821 577 ALCOHOLtSATUM‚

122 596 309 657 srturrus
333 598 414 658 viui
437 598 889 658 urrunnuuirissruus

78 715 140 797 Rp.
168 713 322 776 Atcohotis
353 715 412 778 viui
435 739 463 798 q.
484 717 504 776 l,
533 717 588 777 sub
618 716 748 798 diligenti
776 720 982 792 successione,

165 826 228 876 tam
250 816 301 874 diu
323 813 431 876 siccum
447 817 621 898 depuratum
639 833 786 898 potassnm
802 819 983 896 admisceas,

166 929 198 975 et
217 913 287 974 inde
310 921 532 994 provenientem
554 937 681 997 aqueam
713 918 779 977 salis
806 919 983 978 solutionem

167 1037 225 1096 ope
247 1014 418 1096 separaturii
441 1019 556 1097 saepius
577 1015 711 1087 auferas,
732 1037 890 1098 quousque
911 1014 984 1077 uiti·

166 1137 232 1176 mae
254 1128 391 1198 potassae
413 1115 589 1197 particulae,
611 1138 665 1178 nec
685 1117 907 1197 deliquescunt,
928 1137 984 1178 nec

166 1214 245 1276 inter
266 1237 298 1276 se
320 1231 574 1296 congrumeacant.
595 1215 673 1276 Dein
699 1231 811 1277 retorta
840 1220 985 1298 superim-

164 1316 263 1398 pletur
277 1329 397 1398 potasse
413 1318 505 1397 probe
521 1315 647 1389 siccata,
668 1317 765 1374 cribro
779 1319 919 1397 trajecta,
934 1314 985 1376 de·

167 1425 290 1495 perata,
311 1417 356 1474 cui
378 1413 542 1474 affunditur
556 1410 714 1494 supradicti
729 1435 806 1494 aqua
821 1413 928 1496 privati
941 1413 985 1474 ni-

164 1513 278 1574 cuhoiis
291 1523 418 1590 tantum,
432 1526 575 1595 quantum
586 1511 624 1571 ab
635 1511 683 1572 itta
695 1515 822 1594 perfecte
838 1507 985 1573 resorberi

168 1625 278 1696 potest.
294 1615 416 1674 Retorta
431 1612 539 1674 balneo
554 1633 660 1672 arenae
674 1615 871 1673 committitur
894 1613 986 1694 adap-

170 1724 233 1772 tato
247 1709 405 1792 recipiente
416 1731 484 1770 cum
500 1708 604 1786 vesica,
618 1721 724 1791 etpost
740 1708 843 1790 viginti
854 1721 986 1790 quatuor

166 1803 276 1877 frares,
296 1803 445 1864 lenissimo
466 1823 583 1886 semper
596 1805 711 1884 aequali
725 1805 898 1862 continuato
912 1803 983 1884 igne

168 1903 340 1966 destilletur.
362 1904 592 1984 Quamprimum
620 1901 753 1984 guttulae
783 1899 890 1962 ientiua
919 1899 985 1962 uil-

166 1999 253 2076 lent‚
274 2013 345 2063 tunc
367 2002 527 2062 destillatus
553 2011 583 2062 et
603 2000 733 2082 perfecte
754 2021 832 2080 equa
853 2000 985 2080 privatus

171 2102 290 2164 alcohof
311 2103 450 2186 recipitur
470 2115 501 2162 et
521 2111 666 2164 ceremur.

130 2204 237 2267 Virtus
256 2200 562 2285 longe‘praestentior
581 2199 701 2282 spiritua
723 2200 779 2258 vini
800 2196 964 2260 rectificati.

128 2303 214 2365 Nota
240 2323 264 2365 1.
287 2303 383 2385 Supra
403 2303 462 2364 hoc
486 2300 518 2360 in
542 2312 654 2360 retorta
680 2297 801 2359 residuo
827 2297 907 2372 saie,
934 2317 985 2360 ex·

167 2401 261 2484 pulsis
282 2405 327 2462 sat
348 2400 445 2462 valido
464 2399 533 2482 igue
558 2395 778 2460 remanentibus
804 2395 984 2481 phlegmati-

167 2499 210 2562 cis
229 2499 382 2583 partibus,
403 2521 481 2562 nova
502 2497 600 2582 portio
621 2496 762 2559 eieoholis
786 2495 903 2579 saepius
932 2516 984 2556 ex·

166 2598 243 2660 trahi
264 2611 382 2683 potest,
403 2598 499 2660 donec
520 2598 563 2659 sai
583 2600 613 2658 in
633 2617 760 2658 massam
781 2594 981 2658 duriusculum

167 2720 229 2761 non
250 2697 467 2780 compingatur.

57 2865 59 2870 ,
126 2799 212 2860 Nota
234 2817 261 2858 α.
283 2800 376 2876 Quod
397 2797 512 2858 alcohnf
533 2795 757 2857 aicohcfisntum
771 2796 828 2858 hac
839 2795 984 2858 methodo

169 2897 300 2959 elicitum
323 2898 361 2958 sit
382 2897 594 2980 perfectissime
615 2918 692 2978 eque
713 2895 877 2978 privatum,
898 2897 985 2958 ducet

171 2995 234 3058 eius
245 2995 381 3079 specifica
399 2995 542 3077 gravitas,
556 2999 673 3077 quaein
688 3007 889 3075 temperatura
897 2997 939 3070 4
950 2995 985 3056 15

167 3096 319 3158 Reeumur
340 3097 424 3176 grad.
445 3115 505 3156 non
518 3094 585 3178 plus
606 3094 770 3177 =7912d
789 3114 864 3160 roco
879 3113 985 3176 equas»

127 3273 295 3338 ALUMEN
317 3271 467 3338 USTUM.
515 3321 519 3330 .

88 3391 145 3476 Bp.
171 3391 311 3451 Atuminis
330 3390 413 3453 crudi
434 3411 463 3472 q.
484 3389 506 3450 l.

21 3527 23 3534 ι
130 3489 303 3552 Calcinetur
321 3493 351 3550 iu
373 3509 443 3554 rese
456 3487 549 3566 fictili,
570 3500 672 3552 crusta
686 3511 747 3579 npn
761 3489 912 3567 obductu,
926 3485 983 3550 rel

728 3586 748 3629 x
