2426 4140
259 293 333 366 268
560 314 688 366 rm.
714 311 862 363 narret

494 459 609 579 iem
633 497 918 562 rannosaarrr.

258 621 311 683 Rc.
331 617 508 681 Pctrcrelini
528 620 675 682 seminum
696 618 801 681 libram
820 614 993 694 dimidiam,

338 725 443 801 Aquae
461 718 621 800 fontanae,
651 729 798 800 quantum
828 718 900 778 catis
920 719 974 796 sit,
996 726 1030 775 ut
1052 715 1162 778 destil-

378 817 469 878 landn
489 815 646 878 eliciantur
665 817 756 878 librae
776 835 838 878 sex.

561 996 675 1074 iQun
703 993 850 1056 aosau.

259 1116 312 1177 ilc.
333 1115 431 1176 Rome
450 1115 643 1180 damascenae
663 1115 830 1196 pemlcnrm
852 1113 940 1176 libras
960 1123 1044 1192 tres,

339 1217 464 1295 Aquae,
491 1225 638 1294 quantum
668 1212 816 1287 satiarit,
848 1223 885 1274 ut
904 1211 1034 1274 evitetur
1054 1233 1158 1296 empy-

379 1334 492 1374 reuma.
513 1312 701 1374 Destillaudo
721 1313 901 1374 eliciciantur
921 1312 1016 1374 librae
1035 1333 1099 1376 tex.

270 1510 382 1589 AQUA
402 1510 629 1576 SULPHATIS
649 1509 882 1571 MAGNESldE
903 1509 990 1572 Cllll
1010 1509 1142 1573 acmo

582 1608 824 1670 CdllBOlllCO.

589 1747 683 1826 Aqua
703 1763 822 1805 amara.

260 1905 315 1966 Ilc.
336 1903 411 1965 Salia
431 1903 535 1985 anglici
555 1903 661 1966 libram
681 1924 790 1978 unam,

340 2007 445 2086 Aquae
463 2003 605 2066 fontanae
626 2003 809 2066 Cantharam
831 2001 997 2068 dimidium.

419 2105 490 2166 Fiat
509 2104 631 2166 solutior
652 2105 701 2165 cui
721 2104 835 2166 colatae
854 2103 984 2166 admisce

341 2205 444 2285 Aquae
463 2200 539 2264 acidi
551 2201 701 2263 car-bonici
723 2201 905 2264 Cantherium
926 2199 1094 2264 dimidium.

394 2306 401 2316 “
421 2300 516 2362 Serva
534 2302 565 2360 in
583 2298 695 2382 lagenis
715 2299 834 2377 vitreis,
853 2298 961 2364 librum
981 2303 1097 2364 circiter
1108 2321 1151 2361 ca·

378 2399 540 2480 trientibus,
559 2400 637 2459 bene
657 2398 812 2460 obturatis.

501 2576 732 2639 ARGENTUM
759 2573 914 2640 PURUM.
996 2607 1006 2614 ·
1070 2589 1076 2598 ’

259 2696 313 2758 llc.
332 2695 453 2778 Argenti
473 2707 618 2778 quanmm
639 2697 763 2778 placcat

422 2795 512 2858 Solve
531 2795 563 2856 in

340 2893 426 2957 ccidi
445 2894 543 2956 uitrici
563 2898 726 2977 quantitate
746 2893 922 2958 sufficiente.

399 2994 543 3076 ¹Liquori
564 2993 728 3077 paullatim.
740 2993 819 3056 adde

342 3094 393 3158 Sal
422 3111 584 3160 commuue
612 3093 646 3156 in
675 3114 752 3176 aqua
773 3094 922 3167 solutum.
950 3108 986 3157 ut
1005 3095 1148 3174 dejiciatur

380 3195 495 3258 mutiat
524 3199 697 3277 argenticuc
718 3194 773 3260 Hic
793 3196 934 3256 collectus
954 3205 985 3256 et
1006 3194 1145 3266 siccatur,

380 3293 518 3357 minutim
538 3293 688 3376 injiciatur
707 3297 736 3354 in
751 3294 939 3354 crucibulum
951 3292 1144 3374 argillaccum,

380 3395 414 3460 in
434 3407 496 3479 qud
515 3393 706 3476 k’quelactum
727 3395 817 3456 etad
837 3391 1006 3456 albedinem
1030 3390 1146 3474 ignitum

382 3513 428 3560 ert
447 3497 572 3580 duplum
593 3493 710 3577 pondus
743 3545 746 3554 .
