2438 4142
336 263 382 314 nr
408 259 572 314 amaran
598 263 643 310 ar
668 259 772 312 cour.
930 263 1004 338 ²¹9

187 383 433 455 intermittentes,
447 378 604 462 atrophia,
617 375 775 456 thecuitis,
788 375 920 456 icteuts,
940 389 1006 440 ata·

188 485 240 544 xia
260 484 427 561 mensium,
453 480 578 544 allectus
605 476 899 572 haemorrhoidales‚
926 499 1008 542 scor·

186 582 300 660 butus,
320 580 531 653 melancholia,
556 581 663 642 mania.

143 683 251 744 Doris.
271 685 296 744 Δ
317 680 460 764 scrupulo
481 683 520 742 ad
539 679 724 742 drachmani.

142 863 285 924 raras
307 857 559 923 rouuanoss
579 859 743 936 sutri,

143 964 298 1025 Munius
319 963 521 1024 usuaria.

90 1083 159 1166 Rp.
188 1083 272 1165 Spati
293 1081 451 1165 ponderosi
473 1081 621 1165 purissimi
640 1083 669 1142 iu
691 1078 831 1144 subtilem
851 1081 1006 1164 pulverem

225 1185 335 1246 redacti
356 1193 455 1266 partes
474 1183 565 1258 duas,

181 1285 327 1346 Potassae
348 1285 512 1367 depuratae
531 1297 632 1366 partes
652 1294 721 1346 tres.

182 1385 361 1466 Corprantur
372 1404 442 1444 cum
456 1381 553 1446 tribus
566 1384 606 1444 ad
617 1393 750 1467 quatuor
760 1383 894 1467 partibus
905 1402 1001 1466 aquae

221 1487 409 1564 communia,
431 1483 488 1546 snb
508 1487 648 1547 continua
669 1485 833 1565 mixtione,
855 1485 895 1546 ad
916 1484 1003 1548 sicci·

219 1594 334 1665 tatem,
356 1597 388 1646 et
407 1583 466 1646 linc
485 1583 556 1646 dein
575 1605 644 1646 cuna
665 1583 766 1647 denuo
778 1584 875 1645 allusa
889 1605 1003 1666 aequu-

220 1681 256 1745 lis
277 1682 449 1767 quantitatis
468 1705 548 1768 aqtra
568 1683 686 1747 duabus
707 1684 805 1746 adhuc
824 1682 939 1745 vicibus
952 1705 1003 1745 re-

220 1797 352 1868 petatur.
373 1787 446 1863 Quo
460 1785 554 1857 facto.
570 1785 667 1846 Terra
678 1783 846 1867 ponderosa
859 1801 1002 1858 excussa,

221 1907 280 1969 ope
300 1907 396 1968 aquae
418 1885 571 1961 ferventis,
592 1886 630 1950 ab
652 1884 791 1948 omnibus
806 1885 939 1968 partibus
954 1907 1001 1948 sa·

219 1985 284 2047 linis
306 1986 435 2068 perfecte
463 1986 679 2060 edulcareturr
707 1989 784 2048 Dein
811 1985 852 2047 illi
881 1987 999 2048 acitlurn

218 2086 407 2149 maniaticum
421 2085 520 2170 parvis
532 2086 656 2152 dosibus
667 2086 840 2175 affundetur
848 2107 1000 2169 eousque,

218 2187 316 2250 donec
323 2207 450 2270 prorsus
463 2185 689 2250 effervescentia
703 2199 808 2248 cesset
829 2186 942 2268 Liquor
955 2184 1002 2248 fit·

215 2299 314 2348 tratur
342 2286 373 2348 in
402 2285 560 2348 cucurbita
580 2287 619 2347 ad
639 2286 804 2368 perlectam
819 2285 1000 2350 ,siccitatem

216 2398 414 2471 evaporatur,
434 2387 477 2448 snl
491 2384 522 2446 in
536 2383 691 2448 crucibulo
702 2383 807 2468 teoto,
829 2387 999 2448 successive

85 2529 92 2540 ·
216 2499 307 2550 aucto
327 2486 395 2570 igue
414 2484 577 2568 fundatur,
597 2485 772 2550 decatetnr
791 2486 822 2548 in
842 2485 998 2564 laminam,

213 2589 348 2650 solvatur
366 2588 429 2650 fere
451 2590 554 2670 quinta
574 2587 613 2649 ad
634 2599 748 2650 sextam
763 2607 860 2671 aquae
874 2587 997 2670 quanti·

212 2700 285 2750 tate.
299 2687 415 2771 Liquor
425 2687 573 2766 limatus,
587 2700 623 2751 ut
634 2690 806 2773 superstites
815 2688 915 2750 forsan
926 2707 995 2749 me·

212 2789 329 2851 tallicae
350 2787 515 2872 particulae
535 2789 664 2871 perfecte
693 2789 892 2872 expellantur,
924 2809 995 2850 cum

212 2909 308 2971 pauca
321 2886 478 2950 additione
491 2897 588 2948 terrae
602 2885 789 2969 ponderosae
803 2898 921 2950 serame
935 2909 994 2971 pu·

209 3010 261 3052 rae
281 2987 560 3072 praecipitationem
580 3009 635 3070 per
654 2997 807 3071 putassem
835 2988 994 3062 obtentae,

208 3111 264 3174 per
282 3091 373 3152 breve
395 3101 516 3172 tempus
537 3088 643 3153 leuiter
663 3089 823 3172 digeratur.
850 3090 991 3173 Denique

208 3192 315 3252 iterum
337 3190 484 3271 littteras,
504 3191 562 3252 leni
583 3191 795 3274 evaporatione
821 3193 990 3256 seeundum

208 3291 281 3354 artis
300 3291 416 3375 regulas
446 3291 681 3375 crystalliseturr
702 3305 733 3358 et
751 3294 894 3356 obtentae
920 3313 991 3377 cry·

206 3391 302 3460 stalli.
324 3395 404 3456 omni
425 3391 509 3469 vice,
530 3407 693 3476 antequam
725 3393 791 3456 illae
822 3396 984 3477 siccentur,

191 3492 416 3576 'aliquantisper
436 3513 515 3576 aqua
535 3492 641 3576 frigida
661 3493 722 3559 cito
743 3495 910 3558 abluantur.
