2414 4156
254 301 302 393 4ο
501 318 632 366 runnu.
656 317 800 370 nossrca
826 321 856 368 r.
885 320 908 364 ι.

298 437 401 514 Sopor
420 430 782 514 aromatico-amaricans,
803 431 1034 496 calidiusculus:

234 613 235 624 ἵ
300 533 426 610 Virtus,
442 533 546 611 Usus,
567 535 715 615 Dosisque
736 534 949 616 praecedentis.

296 637 362 695 Non
384 633 462 716 pleni
483 632 588 710 flores,
617 634 669 695 ced
696 654 765 694 cum
788 631 867 694 disco
888 652 995 694 eorum
1014 651 1033 692 a
1054 631 1156 692 Phar·

335 733 497 815 macopolis
519 733 674 814 eligantur.

296 934 533 996 CllELlDONll
546 933 707 994 Maloeis
722 931 824 1006 radix,
844 931 938 992 herba
949 927 1061 993 recens.
1077 931 1158 994 Otu-

256 1035 405 1096 lidouium
427 1033 534 1094 maius.
556 1036 592 1093 L.
608 1033 644 1093 el.
658 1035 740 1094 Xlll.
763 1033 838 1095 Ord.
860 1033 1023 1114 Maangyn.
1044 1031 1155 1092 Planta

254 1137 389 1218 perennis
411 1132 485 1194 locis
506 1131 675 1208 rudentis,
702 1131 861 1208 umbrosis,
883 1147 914 1193 et
934 1133 973 1192 ad
993 1151 1080 1213 sepes
1101 1151 1155 1194 co·

254 1232 432 1318 plerissima.

300 1335 388 1395 Odor
407 1331 622 1414 graviusculus.

295 1436 399 1512 Sapor
419 1430 512 1508 aeris,
533 1429 774 1510 subamaricans‚
795 1429 963 1491 inhaerens.

299 1535 405 1596 Virtus
425 1531 552 1594 recentis
566 1535 658 1608 acris5
676 1553 825 1614 purgans,
846 1529 1039 1610 abstergens,
1060 1531 1157 1590 siccae

338 1631 492 1716 aperiens,
513 1635 662 1695 diuretica.

300 1735 382 1796 Usus.
397 1732 571 1795 Obstructio
584 1733 750 1809 viscerum,
770 1734 879 1793 icterus
901 1729 964 1791 sine
986 1732 1081 1806 febri,
1102 1733 1159 1814 hy·

338 1836 440 1919 draps.

270 1935 399 2011 (Doris.
431 1934 549 1996 Radicis
581 1933 707 1995 recentis
739 1934 899 1994 drachmae
926 1944 1073 2014 proluar,
1105 1953 1160 1994 seu

336 2037 498 2099 exsiccatae
512 2037 671 2097 drachmae
687 2037 779 2111 duae,
800 2055 869 2095 cum
889 2055 1002 2115 aquae,
1017 2055 1070 2093 seu
1087 2031 1159 2093 iuris

336 2137 410 2197 libra
432 2159 491 2197 una
524 2137 561 2197 ad
591 2135 693 2195 uncias
723 2157 773 2195 sex
794 2137 971 2208 decoctum,
1004 2133 1087 2213 quod
1109 2153 1161 2214 per

271 2263 276 2272 ·
339 2236 493 2298 intervalla
507 2235 687 2297 cochleatim
702 2235 880 2309 exhibetur3
900 2248 1004 2296 auceu'e
1019 2255 1057 2293 ex
1070 2231 1162 2304 foliis,
1195 2285 1196 2336 ἱ

336 2338 386 2398 rel
407 2358 443 2397 ex
465 2350 528 2397 tota
548 2337 640 2398 herba
667 2359 842 2419 expressus,
875 2337 913 2396 ad
942 2334 1057 2416 aliquot
1088 2349 1159 2416 gut·
1195 2353 1196 2362 ¹

338 2437 434 2517 tuias,
456 2437 614 2519 aliquoties
634 2439 672 2498 de
693 2437 761 2512 die,
790 2435 1001 2497 incommodo
1023 2434 1161 2495 vehiculo

337 2537 525 2620 propinatur,
548 2539 659 2620 quique
674 2553 795 2599 externe
815 2557 978 2612 verrucas,
999 2538 1161 2618 herpetas,
1195 2585 1196 2594 ,

337 2635 504 2718 pterygion]
525 2637 614 2698 delet.
647 2637 782 2696 Extraeti
813 2637 970 2718 serupulus
996 2655 1097 2710 unus,
1120 2636 1158 2696 ad

340 2735 426 2796 duos.

298 2931 444 2996 CHINAE
459 2936 628 2997 CORTEX
643 2935 911 2997 PERUVIANUS.
930 2935 1164 3017 Cinclzouaosfi·
1195 2885 1196 2928 t

257 3036 372 3097 dotalis.
396 3039 429 3098 L.
452 3037 489 3097 cl.
511 3039 549 3100 V.
573 3037 648 3097 Ord.
671 3037 832 3118 lllonogyo.
848 3038 945 3096 Arbor
965 3057 1107 3118 procera,
1130 3037 1160 3096 in

258 3133 340 3215 regni
354 3135 512 3196 Peruviani
527 3137 731 3223 praefecturae
747 3136 841 3211 Quito
857 3135 1008 3196 montibus
1022 3136 1163 3216 eopiosa,

257 3245 385 3295 tractum
407 3238 484 3297 ultra
505 3234 722 3318 quinquaginta
743 3233 879 3294 milliaria
893 3250 1052 3296 extensum
1070 3257 1162 3296 occu·

259 3355 341 3416 pana.
364 3339 505 3419 Optimus
527 3347 572 3396 est
593 3336 638 3396 ille
660 3347 781 3409 cortex,
813 3333 864 3416 qui
895 3355 933 3394 ex
956 3333 1164 3416 gracilioribus

256 3437 347 3498 ramis
368 3448 413 3498 est
433 3438 610 3498 convolutus
621 3480 631 3517 ‚
654 3435 772 3495 modice
785 3456 915 3515 crassus,
936 3427 1072 3497 attamen
1088 3459 1165 3520 pon·

259 3536 406 3618 derasus„
428 3551 548 3600 externe
570 3536 692 3618 scaber,
725 3536 824 3598 luscus
856 3547 909 3598 aut
939 3535 1089 3620 nigricans
1112 3539 1164 3601 vel
