2444 4156
249 309 318 402 144
477 327 605 376 runnu.
632 328 775 378 nossrct
800 331 830 376 r.
859 329 898 374 11.

277 499 437 562 acinon
459 499 581 558 ocari
605 497 954 558 concurrasrou.

277 597 471 660 ALCOHOL
494 597 623 672 scari.

278 697 433 758 lernou
454 697 674 756 acaricum.

237 835 293 917 np.
313 835 426 894 Terrae
446 831 565 892 foliatae
580 835 680 893 tartari
695 831 787 913 probe
803 830 948 910 siccatae,
972 841 1003 890 et
1021 827 1055 888 in
1072 827 1151 890 aub-

318 934 398 995 tilem
419 933 572 1014 pulverem
593 932 729 993 redactae
750 932 853 990 libram
876 952 986 1002 unam,
1014 927 1149 988 tubula-

316 1043 515 1093 tae-retortae
544 1031 692 1110 immitte,
723 1045 773 1103 et,
801 1051 856 1111 per
884 1030 1006 1088 iteratas
1039 1027 1148 1106 vices,

316 1130 437 1191 affunde
458 1129 534 1188 acidi
557 1132 660 1189 ritrioli
692 1127 874 1188 concentrati
906 1127 1015 1187 libram
1045 1145 1147 1186 uuam

316 1229 432 1309 aequali
455 1249 550 1308 aquae
580 1228 744 1308 quantitate
770 1242 858 1286 caute
879 1227 1081 1306 diluendam,
1114 1237 1148 1288 et

317 1347 358 1387 ex
378 1327 486 1387 balneo
506 1347 613 1386 arenae
634 1347 788 1407 quousque
819 1326 973 1385 residuum
994 1325 1059 1384 fere
1083 1323 1146 1386 aic-

316 1447 386 1486 cum
417 1429 604 1507 apparuerit,
635 1425 809 1486 destillatur.
845 1431 971 1484 Acetum
1000 1422 1145 1484 elicitum

315 1545 384 1585 cum
405 1525 528 1606 pulvere
552 1524 735 1601 carbonum,
764 1524 887 1583 dimidio
915 1526 962 1589 vsui
994 1523 1145 1603 ponderis

315 1627 443 1684 mixtum
458 1623 645 1695 rectificetur,
660 1635 689 1682 et
704 1635 768 1682 tum
783 1623 823 1682 illi
838 1623 937 1700 tertia,
953 1627 1013 1682 sive
1028 1635 1146 1703 quarte

196 1787 203 1801 ,
314 1744 382 1806 pars
404 1721 526 1802 liquoris
547 1723 677 1804 anodyni
698 1722 869 1802 vegetabilis
890 1721 1112 1783 admisceatur.

275 1823 358 1884 Nota
384 1844 408 1882 1.
430 1824 553 1881 Acetum
577 1820 688 1900 aliquid
710 1821 891 1903 sulphurosi,
914 1820 945 1880 in
971 1821 1073 1902 prima
1089 1821 1144 1882 de·

315 1919 496 1991 stillatione,
515 1918 544 1977 in
567 1939 598 1978 se
620 1919 763 2000 recepisse
785 1933 932 1981 monstrat
951 1925 1014 1980 eius
1030 1923 1142 1981 turba·

315 2020 381 2093 tio,
402 2020 474 2079 dum
495 2033 580 2080 aceto
601 2019 764 2100 pauxillum
781 2031 989 2081 concontratae
1004 2021 1141 2081 solutio·

315 2123 361 2180 uis
380 2117 411 2178 iu
432 2118 517 2179 acido
540 2124 613 2176 aceti
645 2132 739 2180 terrae
769 2123 956 2201 ponderosae
985 2120 1137 2202 iungitur.

317 2221 403 2280 Tunc
424 2218 482 2291 itti,
503 2231 663 2296 antequam
684 2239 771 2300 supra
793 2221 948 2300 pulverem
963 2221 1138 2282 carbonum

314 2315 474 2378 destillatio
495 2315 690 2396 suscipietur,
711 2317 788 2378 dicta
810 2320 920 2378 solutio
942 2323 1084 2400 guttatim
1099 2342 1140 2382 eo

315 2434 411 2495 usque
433 2413 605 2490 instilletur,
627 2414 720 2473 donec
742 2417 820 2476 nulla
842 2419 971 2476 turbatio
992 2417 1056 2480 fiet.

275 2514 359 2575 Nota
380 2533 407 2574 2.
436 2512 486 2572 sat
514 2510 625 2592 primae
655 2512 857 2575 destillatiouis
889 2517 1027 2578 residuus
1055 2539 1139 2601 aqua

314 2611 451 2684 solutus,
471 2610 598 2672 filtratus
618 2612 842 2691 crystallisetur·‚
863 2615 994 2696 crystalli
1009 2629 1139 2680 exortae

313 2713 408 2796 probe
430 2711 576 2783 siccatae,
605 2710 636 2768 in
656 2709 790 2770 subtilem
812 2713 964 2792 pulverem
985 2716 1139 2779 contritae

313 2812 353 2872 ad
373 2812 538 2893 parandum
560 2823 677 2868 acetum
698 2810 819 2888 glaciale
839 2813 894 2873 sub
916 2813 1006 2876 titulo
1022 2821 1138 2879 tartari

312 2912 458 2974 vttriolati
478 2911 561 2970 acidi
582 2922 746 2968 serventur.

271 3090 434 3154 AClDUM
452 3087 577 3156 ACETI
599 3086 1058 3156 CONCENTRATISSlMUM.

274 3189 449 3252 ACETUM
471 3185 680 3246 GLACIALE.

230 3311 286 3394 Rp.
312 3311 426 3372 Terrae
446 3305 565 3367 foliatae
587 3304 688 3364 tartari
710 3317 806 3386 partes
827 3317 906 3389 tres,

312 3409 430 3472 Tartari
451 3405 588 3467 viniolati
610 3401 685 3464 acidi
705 3415 804 3485 partes
826 3421 904 3468 octo.

232 3511 363 3574 Seorsim
385 3506 479 3592 probe
499 3502 670 3580 siccentur,
694 3513 724 3563 et
744 3505 890 3566 subtiliter
909 3508 1134 3590 pulverisentur
