2414 4156
364 318 521 368 narrare
546 316 681 370 ueniet
811 299 813 304 ’
917 293 964 388 45

110 431 399 494 cocHLEltnttE
422 434 513 498 herba
529 454 641 497 recent.
665 433 850 497 Cochlearia
870 433 969 514 offici·

64 535 160 594 natis.
183 536 219 594 L.
243 532 280 594 cl.
295 535 380 597 xlv.
403 535 476 597 Ord.
493 535 651 598 ailiculota.
671 535 779 598 Planta
793 555 891 596 annua
905 533 969 598 ubi-

57 655 126 716 que
148 634 306 697 hortensia.
809 623 814 644 ’

109 735 203 796 Odor
223 734 486 815 subnasturcinus,
508 735 618 800 debilia.

111 833 219 915 Sapor
239 833 424 912 amaricans,
445 855 479 898 os
501 847 532 896 et
552 835 653 897 lauces
672 829 826 908 mordens.

109 934 221 996 Virtus
242 933 489 1007 antiscorbutica,
511 939 660 1016 aperiens,
682 934 835 996 diuretica.

111 1032 203 1094 Usus.
228 1032 409 1111 Scorbutua,
431 1055 467 1094 ex
480 1054 578 1115 enque
591 1036 774 1116 gingivarum
787 1034 971 1115 affectiones,

150 1134 308 1218 paralysis.

111 1235 217 1296 Dnsis.
241 1238 333 1296 Uncia
353 1234 495 1314 dimidia,
525 1235 572 1300 rel
593 1238 703 1318 integra
726 1234 860 1318 quotidie
880 1229 990 1298 crude·
1063 1229 1065 1236 ’

154 1337 341 1411 comeditur,
363 1337 409 1398 vel
429 1357 498 1398 cum
519 1337 704 1399 Acetosellae
725 1335 895 1411 concubine
923 1336 972 1398 vel

155 1437 263 1497 eadem
285 1435 434 1517 quantitas
455 1457 523 1498 cum
544 1435 614 1497 iuris
635 1436 709 1497 libra
724 1459 783 1498 una
808 1434 846 1498 ad
867 1439 973 1499 unciae,

153 1538 260 1598 decern
275 1537 469 1618 decoquitur;
491 1536 536 1597 vel
557 1536 587 1598 in
609 1536 772 1598 electuario
793 1538 899 1612 datur;
921 1537 968 1600 vel

155 1651 280 1698 externe
302 1657 406 1708 succus
422 1635 536 1698 tantillo
552 1638 683 1700 aluminis
699 1641 818 1714 wistan
839 1639 877 1699 ed
891 1637 973 1708 exul·

156 1735 324 1799 errationes
347 1735 406 1796 oris
427 1735 608 1800 ecorbuticae
629 1737 803 1820 applicatur.

112 1839 146 1898 la
175 1837 301 1918 longum
334 1851 451 1920 ternpus
472 1850 607 1901 servatur
636 1838 729 1900 herba
755 1848 921 1922 perstrata
940 1836 973 1905 in
1005 1883 1015 1896 ,

153 1935 270 2018 magnis
288 1935 366 2000 vasis
388 1937 517 2000 condita.

115 2138 313 2200 COLCHlCl
334 2137 421 2200 radix
450 2159 562 2224 recena
594 2139 765 2203 coroticum
785 2144 972 2206 aummnale.

66 2240 106 2299 1..
133 2237 171 2298 cl.
194 2239 247 2300 Vl.
269 2237 346 2299 Ord.
368 2237 495 2320 Trigyn.
527 2238 634 2300 Planta
657 2239 795 2321 perennis
816 2238 894 2301 circa
916 2242 974 2302 Te·

66 2339 146 2413 reli,
170 2351 201 2397 et
221 2335 251 2396 in
274 2337 338 2398 aliis
358 2335 431 2398 lucis
451 2337 482 2398 in
501 2337 595 2420 pratia
616 2336 778 2420 argillaceia
798 2338 931 2424 copiosa.
1024 2373 1026 2376 ·

117 2437 208 2498 Odor
230 2435 343 2498 recenti
365 2451 498 2519 tempore
519 2435 632 2504 aestivo
652 2440 793 2508 hircinae.

114 2537 206 2598 Odor
232 2546 371 2598 recenter
395 2547 526 2598 resectae
551 2534 669 2600 irritant
698 2559 785 2602 nares
812 2539 973 2622 lanceaque

152 2641 270 2702 ferient.

112 2742 221 2823 Sapor
241 2742 325 2801 acria.

113 2845 226 2906 Virtus
247 2843 408 2915 diuretica‚
429 2841 562 2904 draetlca.
711 2897 714 2904 .

116 2943 208 3007 Usus.
230 2943 369 3026 Hydrops
399 2939 614 3026 complicatur,
628 2943 800 3029 hydraule,
819 2945 975 3030 hydropli·

152 3040 303 3119 thalerus,
323 3041 450 3101 asthma.
1008 3061 1009 3068 ¹

110 3141 213 3200 Dosir.
229 3137 292 3199 Sub
307 3139 403 3198 forma
417 3135 573 3222 oxymelite
585 3140 720 3218 colchici,
734 3141 818 3204 cetius
832 3141 975 3203 drachma

154 3259 216 3298 una
235 3237 296 3313 bie,
317 3259 371 3322 per
391 3237 488 3312 diem,
509 3242 539 3298 in
560 3242 681 3304 vasculo
702 3241 789 3304 inlusi
804 3244 958 3308 cuiusdam
966 3287 976 3324 ,

156 3337 263 3398 sensim
296 3339 333 3399 ad
366 3337 485 3400 unciam
516 3359 628 3422 unam,
659 3344 721 3404 eive
752 3344 976 3424 sesquialteram

156 3438 355 3501 ascendendo.

80 3615 82 3620 Ι
113 3535 213 3606 Radix
233 3540 392 3615 annotina,
422 3542 572 3608 emarcida
592 3557 624 3606 et
643 3565 785 3622 exsucca,
815 3543 970 3610 ruiiciendu
