2414 4156
351 301 509 354 uirenti
534 301 668 354 nantes
902 277 950 378 67

99 417 202 497 Sapor·
223 416 341 478 salinus.

100 517 205 579 Vtrtus
225 516 456 578 anthelmintica.

102 617 183 676 Usus.
204 614 378 690 Lumbrici,
398 617 532 696 toeniae,
553 615 708 677 ascendes.

97 715 197 775 Dosis.
221 717 247 774 Α
269 718 364 796 granis
383 714 543 777 duodecim
565 715 603 776 ad
626 716 745 796 triginta
764 733 835 776 cum
855 714 956 789 melle,
1043 761 1050 766 -

133 813 300 876 infantibus
321 818 408 876 trium
422 835 585 892 annorum3
606 815 713 876 aduitis
727 835 745 874 a
758 815 899 876 drachma
912 815 956 876 di·

133 913 227 976 midia
241 915 282 976 ad
297 901 390 990 duas3
410 935 463 976 scu
477 918 508 976 in
519 915 644 978 decocto
653 959 663 990 ‚
685 913 955 978 Helminthochorti

132 1015 225 1074 uncia
255 1012 375 1076 dimidie
404 1035 472 1076 cum
493 1035 589 1098 oquae
608 1013 758 1077 fluviatilis
779 1013 871 1076 unciis
902 1034 955 1077 sex

133 1113 296 1196 coquitur,
319 1115 468 1176 colaturae
482 1135 551 1176 cum
566 1113 752 1198 expressione
766 1113 859 1176 unciis
880 1135 953 1196 que·

135 1227 217 1289 tuor,
241 1214 336 1275 meliis
357 1212 523 1296 despumati
543 1213 629 1275 uncis
642 1235 702 1276 una
715 1213 850 1290 additur,
871 1219 954 1277 cuius

132 1311 257 1376 decocti
273 1315 359 1374 uncia
373 1334 432 1374 una
445 1332 500 1394 pro
513 1311 579 1374 dosi
593 1327 667 1375 esto.
689 1313 847 1376 Sufficiunt
866 1333 954 1397 saepe

134 1413 192 1472 tria
215 1412 338 1493 praebia
357 1408 531 1493 quantitatis
551 1410 649 1474 dictae
670 1412 952 1476 Heiminthochorti.

38 1635 40 1639 ·
95 1607 396 1670 HIPPOCASTANI
407 1621 517 1670 cortex.
530 1609 677 1672 Aesculus
688 1613 953 1691 hippocastanum.
972 1675 974 1682 ‚

60 1706 92 1768 L.
111 1708 144 1768 cl.
158 1708 227 1771 vlt.
252 1708 329 1770 Ord.
342 1708 505 1790 Monogyn.
526 1708 624 1770 Arbor
636 1711 720 1770 Asiae
734 1707 952 1791 septentriona-

62 1805 109 1879 lis,
127 1807 219 1870 hodie
241 1805 446 1890 copiosissime
466 1829 520 1891 per
539 1820 634 1870 totam
654 1810 807 1894 Europum
827 1805 946 1872 colitur.

100 1909 183 1971 Odor
204 1911 324 1970 corticis
345 1908 453 1969 nullus.

95 2009 197 2087 Sapor
218 2009 420 2090 adstringens,
442 2021 526 2089 grute
547 2029 675 2070 nmorus.

100 2107 207 2170 Virtus
229 2119 381 2190 praestans
402 2106 557 2190 febrifuga.

100 2207 184 2268 Usus.
206 2207 320 2268 Febres
334 2205 572 2286 intermittentes,
587 2209 775 2289 gonorrhoea
791 2227 829 2268 ex
842 2207 951 2269 atonis.

98 2306 199 2370 Dosr's.
222 2308 373 2368 Drachmo
394 2328 454 2368 uno
482 2322 513 2368 ct
540 2307 662 2370 dimidia
691 2306 839 2389 pulveris,
871 2306 952 2370 omni

135 2405 330 2488 quadrihorio
341 2405 360 2488 ,'
382 2428 451 2470 cum
472 2428 549 2488 aqua
570 2428 645 2490 pura
665 2407 828 2488 ingeritur·,
848 2407 952 2468 unciae

135 2507 216 2569 duae
236 2529 302 2568 cum
325 2529 420 2590 aquae
441 2527 578 2568 mensura
592 2528 651 2566 una
667 2519 698 2568 et
711 2506 833 2568 dimidia
848 2507 887 2568 ad
903 2529 951 2569 re·

135 2607 320 2670 manentiam
342 2629 496 2670 mensurae
518 2606 604 2670 unius
625 2607 803 2682 decoctum;
823 2607 950 2670 extracti

136 2709 281 2770 drachma
302 2730 379 2788 una,
409 2707 440 2768 in
460 2728 554 2790 aquae
576 2705 753 2770 cinnamomi
779 2709 866 2771 uncia
891 2729 951 2770 tina

134 2808 244 2884 soluti,
267 2807 348 2870 omni
369 2807 510 2882 trihorio,
530 2819 631 2889 guttae
651 2811 826 2890 sexaginta..

100 2907 204 2992 colligi
231 2924 335 2970 cortex
363 2909 453 2971 debet
479 2930 513 2970 ex
539 2912 626 2970 tauris
651 2920 748 2970 aetate
778 2931 836 2971 non
865 2908 951 2971 nimis

136 3015 301 3094 provectis,
330 3031 385 3071 nec
405 3009 493 3071 nimis
514 3012 637 3084 teneris,
666 3010 722 3072 snb
742 3009 950 3092 deglubendo,

137 3103 299 3172 alburnum
319 3109 405 3172 simul
426 3109 629 3189 adhaerescit,
651 3109 734 3192 quod
754 3126 841 3172 antea
855 3113 950 3174 cultro

137 3209 331 3271 auferendum
354 3223 417 3283 cst,
438 3229 475 3269 ne
497 3210 611 3270 corticis
632 3207 940 3296 efficaciamtminuat.

100 3405 257 3471 HORDEI
284 3383 383 3470 senien
414 3407 550 3469 crudum.
583 3408 692 3470 Semen
722 3410 951 3488 decorticatum,

69 3505 221 3589 perlatum,
251 3509 397 3584 tioltum,
427 3507 484 3569 sub
504 3507 660 3591 incipiente
681 3512 866 3591 vegetatione
880 3497 951 3570 mo}
