2438 4142
273 266 341 340 1¹80
500 286 629 352 annau.
655 256 796 340 nossrci
822 294 851 340 r.
878 293 918 340 ri.

301 482 491 543 thtvfflu
513 482 748 543 CtUsthuu
842 509 843 514 ¹

497 583 820 646 sAPONnutottUM.

261 705 318 787 Rp.
347 702 443 766 Calcis
463 704 550 767 vivae
572 709 673 768 uncias
695 723 844 789 quatuor,

341 805 473 866 immitte
494 805 581 865 lebeti
603 807 698 866 ferreo
719 819 750 868 et
771 806 938 868 successive
959 805 1068 868 instilla
1082 829 1158 889 pan·
1207 833 1208 856 ι

379 905 482 966 xillum
504 927 600 987 aquae
621 906 733 966 calidae
756 909 793 968 ad
818 906 1030 968 extinctionem
1061 907 1156 968 calcia.

380 1005 462 1068 Tum
483 1007 559 1066 adde

339 1109 444 1188 Aquae
466 1107 596 1166 fervidae
618 1109 719 1170 uncias
739 1105 927 1180 octodecim,

340 1205 478 1267 Cinerum
501 1206 723 1266 claveliatoium
747 1207 961 1289 deputatorum
991 1227 1059 1266 unc.
1080 1221 1156 1280 πως
1205 1219 1208 1230 “

380 1306 510 1388 agitetur
530 1306 643 1388 spatula
664 1308 774 1380 ferrea,
796 1307 925 1368 lixivium
950 1306 1155 1388 refrigeratum

378 1406 517 1476 filtretur.
551 1396 717 1468 Reaiduun]
749 1406 873 1467 eiixetur
902 1427 998 1488 aquae
1025 1404 1158 1466 fervidae

378 1505 462 1568 tanta
483 1505 588 1589 copia,
608 1518 643 1567 ut
664 1509 770 1567 unciae
792 1505 957 1570 octodecim
979 1505 1075 1590 lixivii
1101 1505 1155 1566 nb·

380 1609 547 1685 tineentur,
569 1608 651 1689 quod
672 1607 703 1667 in
724 1605 806 1667 vitris
827 1609 923 1689 paruis
945 1617 1092 1668 servetur.

302 1698 408 1770 Virtus
429 1729 544 1768 summe
565 1709 680 1768 rodens.
976 1693 979 1702 Δ

302 1809 384 1868 Usus.
405 1807 541 1867 Paranda
556 1805 611 1865 atia
627 1805 859 1885 medicamenta,
880 1822 911 1868 et
931 1805 1048 1868 labores
1064 1805 1153 1888 phar·

339 1905 516 1980 macenti0i3
539 1918 660 1966 externe
676 1907 840 1989 parixilium
855 1907 942 1988 hujus
957 1907 1046 1968 lixivii
1060 1906 1154 1967 muln

338 2025 416 2087 aqua
437 2005 563 2065 dilutum
595 2007 689 2066 nodos
720 2007 913 2087 podagricos,
935 2025 1052 2066 morsus
1073 2008 1154 2086 ripe·

339 2125 390 2168 rae
411 2109 541 2167 atronis
563 2104 657 2165 rubidi
678 2119 770 2166 sanat.

298 2252 504 2347 utouesu
525 2287 703 2359 iuuari,
725 2286 858 2361 uiris,

298 2387 509 2457 cedeonis
532 2385 776 2447 nicunsinn.

257 2513 311 2595 Rp.
340 2513 414 2573 Salis
434 2511 528 2572 amari
549 2512 636 2572 libras
658 2512 752 2585 duas3
774 2513 856 2571 solve

337 2610 368 2672 in
393 2633 487 2692 aquae
507 2609 644 2692 simplicis
664 2611 793 2673 fervidae
814 2608 894 2670 tibris
915 2620 1047 2692 quotuor
1061 2625 1093 2672 et
1107 2633 1156 2671 cn·

376 2711 598 2772 iide'fiitretur:
619 2710 687 2770 dein
708 2725 710 2738 '

338 2812 480 2874 Cinerum
508 2811 742 2895 ‚claretum-um
784 2811 999 2892 deputatorum
1048 2811 1155 2872 libram

377 2933 487 2982 uuam,

334 3014 437 3093 Aquae
469 3013 633 3071 communis
662 3007 793 3070 fervidae
813 3008 903 3070 libras
924 3019 1073 3091 quatuor,
1098 3009 1155 3071 soi-

376 3126 487 3173 vantut·
508 3126 538 3171 et
558 3110 650 3170 caiide
671 3110 829 3170 filtrentur.

336 3209 498 3292 Liquorenr
517 3209 658 3282 ultimum
680 3208 770 3290 priori
791 3210 858 3270 salis
881 3213 991 3285 amari,
1024 3211 1155 3272 durante
1207 3221 1208 3234 ¹

375 3308 562 3380 ebullitione,
592 3320 653 3367 taur
675 3306 726 3367 diu
751 3307 807 3368 sub
828 3308 970 3369 continua
991 3313 1153 3392 agitatione

375 3407 522 3482 instilles,
552 3429 646 3488 usque
673 3407 744 3466 dum
765 3430 825 3468 non
857 3411 982 3492 amplius
1004 3411 1152 3472 turbetur.

375 3509 471 3570 Porro
492 3507 566 3567 haec
587 3506 684 3568 mistio
699 3503 730 3566 in
745 3526 814 3568 rose
828 3529 941 3590 cupreo
953 3521 1061 3574 nunno
1076 3513 1152 3574 bene
