2438 4142
327 345 488 394 insensa.
516 345 689 396 natanto.
885 317 958 394 253

223 458 399 519 Carbouatis
418 457 505 519 calcis
519 457 705 541 praeparati,
725 467 865 518 accurate
879 476 956 537 pon·

175 556 274 618 derati
295 560 377 638 (quo
408 577 447 618 ex
477 557 611 639 pondere
631 555 761 639 pulveris
782 555 890 616 residui
910 553 956 614 in·

178 667 329 729 notescat,
349 666 496 737 quantum
522 657 585 737 ejus
611 667 800 717 consumtum
827 651 956 729 luerit),

173 755 271 816 donec
295 754 395 818 omnis
422 755 647 817 effervescentia
675 765 783 818 cesset.
811 752 955 814 Citratem

175 853 267 916 calcis
288 853 318 915 in
340 854 433 916 fundo
447 857 525 916 vasis
545 853 771 931 considentem,
792 853 897 914 deluso
917 852 955 912 li·

173 951 379 1034 quomdam,
400 973 478 1036 aqua
494 951 590 1014 calida
603 955 719 1036 saepius
731 953 837 1024 ablue,
857 950 955 1012 donec

155 1054 255 1134 ,haee
274 1050 403 1136 insipida
422 1051 541 1114 evadat.
561 1051 685 1114 Pulveri
706 1051 815 1114 adhue
830 1051 955 1112 humido

173 1151 253 1213 adde
342 1171 346 1180 ·

132 1249 219 1314 Aoidi
232 1249 342 1312 vitrioli
355 1249 474 1334 pondus
488 1249 612 1332 aequale
625 1246 780 1312 carbonati
794 1249 954 1328 adsumto,

174 1369 245 1411 cum
548 1375 552 1390 ,

131 1447 238 1528 Aquae
260 1445 425 1508 destillatae
444 1447 570 1529 decuplo
591 1446 726 1507 dilutum.
826 1505 830 1510 .

207 1541 390 1624 Digerantur
399 1565 453 1626 per
463 1543 771 1626 nycthemeron.'1'um
783 1542 883 1623 liquor
896 1541 954 1604 sci·

171 1642 229 1703 dus
251 1644 384 1720 coletur,
407 1653 437 1703 et
458 1640 578 1703 modico
597 1641 666 1722 igne
681 1641 719 1702 ad
738 1639 953 1702 remanentiam

172 1754 297 1824 quartae
319 1741 408 1823 partis
428 1753 577 1823 evaporet.
600 1740 657 1801 Hic
677 1741 801 1817 deinde,
833 1761 871 1802 ex
892 1740 957 1801 sul-¹

174 1841 263 1920 phata
284 1840 372 1902 culcis
392 1840 504 1904 iterum
525 1839 678 1913 turbidus,
706 1841 840 1913 coletur,
869 1837 952 1901 etin

127 2021 130 2026 7
172 1941 240 2002 looo
254 1940 360 2024 frigido
374 1955 548 2022 seponatur,
570 1953 619 2020 ut,
641 1941 696 2002 sub
711 1941 870 2002 lentissima
883 1961 952 2002 eva·

170 2045 344 2123 poratioue,
365 2040 496 2123 crystalli
516 2041 618 2102 acidae
635 2053 836 2103 concrescant.
850 2041 952 2122 Depu-

170 2154 274 2202 rentur
293 2139 425 2224 crystalli
454 2162 506 2220 pst·
534 2139 688 2223 repetitam
719 2141 898 2202 solutionem
919 2144 950 2200 in

170 2259 248 2321 aquo
270 2240 393 2312 fervida,
424 2249 542 2324 enque
564 2261 616 2321 per
636 2243 877 2321 evaporationem
898 2260 948 2301 se·

168 2349 336 2399 cernantur.
358 2337 475 2401 Deinde
494 2341 525 2398 lu
549 2358 635 2400 usum
657 2354 820 2400 serventur.

188 2435 285 2496 ·0bs.
308 2435 446 2517 Crystalli
469 2455 563 2516 purae
583 2435 787 2497 siccitatemin
801 2440 869 2498 aere
883 2456 947 2498 ser-

170 2546 261 2594 rant:
282 2555 319 2594 ex
342 2533 430 2596 acido
454 2533 624 2616 sulphurico
636 2537 822 2618 inquinatae,
846 2533 948 2597 made·

167 2649 263 2693 scunt.

270 2791 427 2854 AClDUM
449 2793 722 2858 MURlATlCUM.

175 2983 177 2987 ι
288 2911 419 2972 Aot'dum
435 2913 510 2970 salis
522 2917 700 2972 communis.

40 3032 96 3091 Rc.
120 3027 208 3090 Aridi
230 3026 336 3088 vitrioli
357 3025 460 3088 librum
482 3050 590 3102 unam,
691 3053 695 3060 ·

123 3131 229 3209 Aquae
250 3126 356 3186 libram
378 3124 550 3205 dimidiam,
571 3139 657 3190 caute
676 3131 707 3189 in
723 3141 835 3191 retorta
849 3129 943 3192 vitreo

164 3225 332 3287 commixtis
353 3223 431 3286 adde
455 3249 458 3260 ·
734 3293 736 3298 ,

120 3325 196 3388 Salis
216 3323 383 3387 communis
403 3325 550 3410 pulverati
570 3327 675 3390 libram
696 3351 787 3391 unam
808 3341 840 3392 et
854 3329 942 3392 dimi·

162 3427 258 3500 diam3
285 3445 356 3487 mox
379 3427 544 3510 applicetur
571 3428 742 3513 excipulum
765 3430 941 3494 convenien-

162 3541 210 3587 ter
230 3524 421 3608 tubulatum,
442 3529 473 3589 in
494 3529 576 3611 quod
596 3528 677 3613 prius
698 3529 829 3596 immisso
842 3532 900 3595 fuit

120 3625 242 3686 Pasas.
264 3621 390 3685 Rossrca
819 3652 856 3692 22
