2438 4142
233 256 305 304 202
481 252 613 302 PHARM.
637 253 781 304 nosstca
806 257 837 305 P.
865 257 904 304 ΙΙ.

313 367 354 429 ad
373 367 534 428 nemmem
553 365 744 449 inspissatur,
765 369 854 430 etad
874 368 1040 452 parandum
1055 375 1138 434 Aci·

314 470 387 528 dum
407 468 517 528 tartari
535 469 773 548 crystaltisotum
792 481 825 530 et
843 467 1023 550 Naphtism
1036 471 1139 555 depu-

313 567 442 630 randnm
463 569 518 628 snb
538 566 642 630 tituioe
667 569 756 630 Cala
774 571 867 629 salita
887 581 1030 632 serretur.

276 665 385 731 Virtus
403 677 577 749 penetrans,
597 669 752 749 operiens,
773 665 949 748 stimulans,
979 667 1138 744 excitans,

314 765 484 852 resolvens,
504 764 671 845 dinretioa,
691 767 865 828 sudoriiera.

279 865 362 925 Usus.
382 865 546 924 Nervorum
567 862 722 936 debilitas,
741 867 951 928 exanthemata
980 867 1136 950 retropul·

314 983 367 1037 aa,
387 981 547 1044 soporosae
566 973 599 1023 et
618 962 819 1044 apoplecticae
831 964 1021 1045 affectiones,
1041 965 1136 1049 spha-
1160 1005 1174 1015 κ

315 1061 397 1123 celus
417 1083 542 1135 senum,
563 1062 723 1146 asphyxia,
743 1063 910 1146 deliquium
931 1064 1030 1127 animi.

276 1161 378 1223 Dotis.
398 1163 528 1223 Abnno
546 1183 639 1244 grano
659 1164 699 1223 ad
720 1178 851 1246 quatuor
869 1163 903 1226 in
922 1165 1018 1227 forma
1044 1166 1136 1249 tiqui·

289 1300 291 1304 -
316 1261 366 1322 da.
386 1259 517 1323 Externe
537 1281 598 1343 qua
618 1261 858 1326 odoramentum.

276 1439 381 1502 saro
402 1439 655 1518 impressos.

238 1559 296 1642 Rp.
317 1557 468 1622 Lixivinm
489 1561 653 1621 causticam
680 1581 714 1622 ax
740 1559 824 1622 aloali
843 1561 976 1624 mineraii
995 1573 1135 1644 paratum

358 1660 570 1743 evaporatione
600 1659 638 1720 ad
670 1681 737 1721 eam
771 1659 1046 1722 concantantione·
1066 1680 1134 1744 per·

357 1757 543 1837 ducendum,
571 1769 608 1820 nt
628 1757 737 1820 vinnm
749 1805 760 1842 ,
790 1761 872 1842 qnod
899 1763 1017 1821 unciam
1038 1781 1135 1842 aquae

357 1855 458 1940 capit,
480 1857 621 1939 ejusdem
649 1857 806 1920 drachmas
833 1859 971 1920 undecim
1002 1857 1134 1942 recipiat.

358 1955 425 2016 Hoc
444 1953 576 2020 lixivium
596 1977 666 2016 cum
688 1957 820 2037 partibus
849 1955 966 2017 duabus
995 1954 1054 2017 oiei
1078 1955 1136 2016 oti-

360 2074 464 2115 rarnm
484 2051 632 2136 purissimi
652 2051 683 2112 in
705 2073 772 2114 rese
788 2051 883 2114 ritreo
895 2052 1138 2130 commisceatur,

360 2150 476 2236 spatula
495 2152 591 2232 lignea
610 2152 727 2234 saepius
748 2150 908 2233 agitando,
933 2173 1009 2233 quae
1029 2149 1137 2212 mixtio

360 2253 456 2333 spatio
476 2264 591 2333 septem
611 2249 659 2312 vel
680 2261 750 2312 octo
771 2249 888 2311 dierum
910 2247 1035 2332 accipiet
1055 2249 1138 2310 albe·

362 2350 461 2412 dinem
482 2363 512 2413 et
531 2353 755 2414 consistentiam
777 2353 902 2432 saponis.

285 2451 393 2514 Virtus
413 2451 565 2532 aperiens,
585 2449 754 2527 resolvens,
776 2449 955 2531 abstergens.

287 2549 372 2614 Issus.
393 2547 621 2610 Obstructiones
641 2545 805 2622 viscerum,
830 2547 947 2610 anitium
966 2547 1138 2628 praedomi-

322 2668 415 2722 nans,
434 2646 593 2718 rhechitis,
613 2643 727 2708 soirrhi.

283 2751 386 2810 Dosis.
407 2749 434 2808 Α
454 2747 552 2828 granis
573 2765 625 2808 sex
645 2745 685 2808 ed
705 2745 806 2810 decem
827 2747 858 2806 in
876 2743 974 2808 forma
994 2744 1120 2828 pilniori.

184 2921 196 2930 “
284 2925 389 2988 8ΔΡο
411 2923 694 2988 Mssltcuntatts.

245 3046 304 3128 Rp.
325 3042 452 3126 Saponis
472 3041 621 3106 elinantini
644 3062 677 3122 q.
696 3042 715 3100 i.

328 3145 459 3204 Tetatur
478 3163 549 3204 oum
570 3161 647 3222 aqna
667 3138 763 3202 aalide
784 3141 880 3203 donec
910 3151 989 3204 totns
1011 3142 1136 3224 plenarie

366 3243 585 3322 soleatus-,ciii
605 3239 748 3323 paulatim
770 3240 891 3302 affunde

329 3343 519 3408 Solutionem
536 3340 674 3408 mercurii
694 3343 752 3402 vivi
773 3340 858 3404 acido
875 3341 944 3403 nitri
958 3341 1086 3424 perfecte
1099 3364 1138 3404 ss·

371 3458 502 3509 curatam
521 3445 559 3507 ad
579 3444 740 3526 plenariam
773 3440 892 3525 saponis
911 3442 1137 3527 decompositio·

372 3567 450 3612 nem.
