2414 4156
249 211 299 305 44
488 235 617 284 aaran.
643 232 786 284 nossrcrt
811 233 841 282 a.
868 233 892 280 r.

286 350 388 412 Dosa.
403 347 565 431 Scrupulus
580 369 655 408 unus
669 348 708 408 ad
723 345 896 408 drachmam
911 341 1064 408 dimidiam
1078 344 1147 426 pul·

327 446 426 519 veris,
447 445 588 506 drachma
609 465 750 507 unacum
769 466 884 527 aquae,
906 455 958 505 aut
973 441 1032 506 riui
1048 441 1146 504 unciis

328 567 379 608 sex
400 547 538 606 inlusum.

287 646 394 708 Floras
416 645 536 706 Cassiae
562 643 604 705 ita
632 643 774 706 dicuntur
795 642 886 705 flores
914 641 1004 703 Lauri
1031 641 1147 704 cassiae

327 749 381 826 L,
396 748 528 808 nondum
544 745 671 827 perfecte
685 743 837 828 explicati,
852 745 963 819 odore,
976 765 1147 827 saporeque

329 846 550 909 cinnamomum
564 845 758 919 aemulantur,
772 866 840 905 eum
854 844 1055 926 adstringente
1066 866 1145 926 quo·

327 949 396 1009 dam
418 969 524 1022 sensu,
544 947 597 1008 sed
618 969 679 1009 non
699 947 776 1009 adeo
797 945 961 1008 manifesto.

291 1049 397 1112 Virtus
417 1059 451 1108 ut
471 1046 502 1107 in
523 1047 642 1108 comice.

288 1246 402 1308 ClTRl
422 1245 551 1321 Malum,
572 1265 609 1306 ex
629 1265 691 1327 quo
711 1265 797 1318 earo,
823 1265 876 1306 seu
897 1244 1005 1325 pulpa;
1038 1264 1143 1306 succus

249 1367 425 1430 expressus,
445 1358 561 1426 cortex,
594 1346 679 1407 euius
699 1344 829 1407 exterior
850 1365 916 1426 pars
937 1342 1071 1414 flavado,
1105 1347 1146 1404 in-

247 1444 340 1510 terior
368 1466 441 1507 vero
463 1446 570 1508 albedo
601 1458 734 1510 vacatur.
767 1446 866 1507 Citrus
895 1447 1023 1504 medica.
1046 1446 1081 1504 L.
1107 1443 1144 1504 cl.

246 1548 358 1612 xvtll.
381 1546 456 1608 Ord.
477 1548 553 1610 leos.
575 1545 673 1607 Arbor·
693 1547 723 1606 in
743 1544 859 1625 Media,
880 1559 912 1606 et
931 1543 1035 1605 Persia
1056 1565 1145 1627 spon·

246 1660 354 1722 tanea,
373 1646 407 1723 in,
426 1651 548 1708 Bossiae
571 1667 641 1708 vero
662 1647 795 1708 caldariis
816 1649 933 1709 colitur.

291 1749 377 1811 Odor
397 1747 549 1810 ssavedin'rs
572 1751 696 1809 recentis
716 1747 866 1830 fragrans,
888 1745 1080 1830 gratissimus.

287 1850 390 1928 Sapor
410 1845 605 1922 aromaticus,
627 1847 850 1922 calidiusculus,
871 1849 1055 1909 subamarum

291 1947 379 2010 Odor
399 1948 507 2032 pulpae
528 1947 644 2021 debilis,
666 1963 778 2030 gratus.

287 2049 387 2128 Sapor
406 2045 551 2108 intensius
572 2046 671 2109 acidus
693 2069 792 2129 purus.

290 2145 396 2209 Virtus
440 2144 592 2207 ssavedinis
628 2146 813 2220 calefaciens;
845 2145 998 2219 cardiaea,
1029 2160 1141 2208 stoma-

326 2243 428 2320 chica,
451 2245 559 2326 pulpae
574 2244 762 2326 refrigerans,
784 2244 1032 2320 antiscorbutiea,
1046 2247 1142 2306 diure·

327 2349 402 2422 tien:
424 2343 531 2404 florum
554 2343 725 2428 analeptica.

289 2445 366 2508 Usus
380 2445 558 2506 Flavedinis.
574 2447 698 2522 Atonia,
719 2443 824 2518 ssatus,
846 2443 1072 2508 condimentum
1087 2447 1142 2508 eibi

326 2558 358 2606 et
379 2540 617 2606 medicaminum.
647 2545 784 2628 pulpae,
813 2545 907 2606 febres
934 2546 1142 2630 phlogisticae,

326 2643 465 2724 biliosae,
496 2645 650 2726 putridae,
680 2645 837 2706 scorbutus
863 2647 992 2726 calidus,
1027 2658 1140 2710 stoma·

326 2762 419 2820 eece,
439 2742 590 2824 calculus,
605 2745 697 2806 eolica
710 2743 833 2826 biliosa,
854 2745 1061 2830 palpitationes
1075 2767 1141 2810 cor·

327 2841 372 2904 dis
393 2842 570 2926 hysterioee.

287 2944 389 3005 Doris.
411 2940 506 3002 sacci*
527 2945 653 3026 expressi
684 2946 769 3005 uncia
803 2966 862 3004 una
881 2945 911 3006 in
933 2946 1031 3028 julepo
1052 2949 1141 3011 datur

325 3064 394 3104 eum
416 3042 579 3118 saccharos
605 3042 723 3106 corticis
744 3043 810 3106 citri
831 3049 966 3107 exsiccati
988 3046 1075 3110 uncia
1097 3049 1140 3110 di·

326 3142 416 3202 midia
437 3162 477 3203 ex
499 3163 595 3223 aquae
616 3142 711 3204 unciis
732 3156 803 3204 osto
829 3145 866 3205 ad
888 3144 991 3207 uncias
1012 3169 1066 3210 sex
1086 3150 1139 3212 de·

310 3250 463 3328 xnostum,
483 3261 501 3300 a
522 3239 663 3301 drachma
683 3238 805 3300 dimidia
825 3242 864 3302 ad
886 3244 960 3304 duas
982 3247 1096 3327 pulvis.

286 3337 396 3399 Oleum
411 3337 449 3400 de
462 3340 664 3422 cedro,yulgo
679 3345 804 3402 essentia
820 3344 971 3426 limonum,
983 3349 1136 3412 estoleurn

326 3438 514 3515 aethereum,
535 3441 615 3524 quod
629 3463 666 3500 ex
679 3439 809 3504 utriculis
824 3443 920 3511 flavae
936 3446 1052 3514 corticis
1067 3449 1136 3512 mali

327 3536 411 3602 citrei
431 3537 539 3623 partis,
559 3544 640 3605 varia
660 3541 821 3605 encheiresi
841 3542 964 3607 elicitur.
