2444 4156
241 287 310 382 154
466 305 594 358 rutun.
621 306 761 356 sossius
788 309 818 356 r.
847 311 886 356 ιι.

314 425 429 496 ferreo,
451 423 546 483 donec
567 444 655 482 omne
676 422 832 482 humidum
854 419 1009 502 expulsum
1022 420 1136 498 luerit,
1213 437 1214 474 t

239 564 244 578 .
314 535 345 584 et
366 545 461 582 massa
484 526 637 603 spongiosi
659 521 735 582 sirco
756 521 937 602 friabilisque
959 522 1100 582 evaserit.

280 622 395 682 Virtus.
417 621 591 690 Emisenos,
613 620 815 700 adstringens,
837 619 941 680 leuiter
960 623 1106 683 sensura.

281 725 363 782 Usus.
386 723 538 798 listerus,
560 721 661 780 ulcera
681 721 808 802 fungosa
830 721 958 793 sordide.

279 901 540 963 ANTIMONlUM
564 901 735 960 cutJDUM
757 900 1073 961 PutEPtutTUtt.

235 1023 291 1104 Rp.
318 1014 477 1082 rlutimonii
499 1019 600 1080 selecti
621 1042 650 1102 q.
672 1021 689 1080 l.
710 1023 738 1078 in
762 1023 904 1081 mortario
919 1019 1039 1102 lapideo
1055 1041 1133 1080 con·

315 1121 477 1199 tundatur,
510 1132 540 1180 et
562 1141 615 1200 per
643 1118 797 1180 sindonem
825 1119 1005 1194 traiiciutur3
1035 1118 1136 1200 pulvis

317 1223 454 1280 traiectus
476 1219 574 1278 denuo
600 1231 713 1278 teratur
733 1218 830 1280 donec
851 1239 971 1295 omnes,
993 1218 1042 1279 vel
1068 1221 1133 1300 plu-

315 1318 408 1380 rimae
429 1319 532 1379 saltem
554 1317 715 1401 particulae
743 1323 882 1382 micantes
909 1317 1131 1399 disparuerints

316 1419 383 1480 dein
404 1430 549 1480 servetur.

278 1519 384 1580 Virtus
404 1534 435 1578 et
460 1519 543 1577 Usus.
564 1515 634 1579 Vid.
656 1517 691 1576 P.
714 1517 734 1576 l.
756 1517 971 1577 Antimonium.

275 1698 385 1776 Aous
408 1681 524 1756 tuuis
546 1699 640 1759 rixi.

233 1818 320 1898 Aqua
341 1815 491 1876 fluviatilis
512 1826 661 1876 saturetur
682 1820 750 1876 edre
772 1815 831 1876 fixo
846 1814 1046 1882 exsolutione
1063 1836 1133 1876 ore·

235 1930 302 1996 tue,
324 1929 376 1977 nut
397 1918 499 1978 melius
520 1917 596 1997 sputi
616 1917 738 1978 colcarei
759 1917 789 1976 in
811 1917 898 1981 ucido
924 1914 1032 1978 vitrioli'
1049 1915 1134 1976 tenui

235 2018 415 2101 prodeunte,
436 2031 490 2077 nut
509 2016 566 2076 aliu
586 2015 681 2078 simili.
704 2018 786 2078 ldetn
806 2018 869 2079 lieri
891 2029 991 2100 potest
1012 2037 1051 2080 ex
1072 2015 1135 2076 ler-

234 2119 433 2183 mentuutibus
455 2117 629 2200 liquoribus.

277 2216 335 2279 Cui
364 2218 388 2278 si
416 2217 536 2278 additur
560 2219 690 2296 serrum,
722 2215 831 2285 dicitur
860 2237 945 2300 aqua
973 2220 1055 2280 adris
1069 2216 1135 2297 fixi

317 2320 479 2379 martialis.

278 2417 385 2479 Virtus
406 2417 587 2500 untiseptire.

225 2515 228 2524 ⁸
280 2519 353 2579 Usus
373 2530 515 2580 externus.
538 2519 643 2578 Ulcere
662 2515 803 2600 putrido,
826 2537 1006 2600 gangiacus.

278 2701 388 2777 rQot
412 2699 551 2759 cuncis
575 2698 711 2758 vivos.

235 2817 292 2899 Rp.
320 2816 415 2876 Caluio
438 2820 520 2876 virne
541 2819 663 2877 recentis
684 2815 786 2876 librum
809 2837 909 2876 unam.

277 2917 332 2977 Cui
354 2918 497 2997 gradatim
518 2917 654 2977 offundas
675 2937 769 2997 aquae
790 2917 900 2976 calidae
932 2915 1019 2977 libros
1046 2915 1136 2997 quin·

316 3013 428 3094 decim,
451 3017 526 3098 post
548 3017 776 3087 extinctionem,
804 3027 835 3076 et
862 3017 948 3076 culcis
974 3014 1135 3077 subsiden-

316 3119 409 3194 tium,
432 3114 531 3196 liquor
551 3136 603 3196 per
624 3116 758 3174 chartam
779 3114 891 3174 solatus
913 3113 989 3174 vitro
1014 3112 1135 3174 munito

318 3227 462 3278 servewr.

275 3315 402 3376 Perutur
423 3315 496 3374 hoec
516 3335 595 3394 equa
616 3311 705 3372 etiam
726 3325 815 3393 prout
836 3311 966 3393 exigitur
986 3333 1021 3372 ex
1049 3311 1136 3374 testis

316 3413 472 3474 cnloinntis.

274 3512 580 3592 Winurubstei·gens.
601 3507 764 3582 diuretiro,
777 3511 943 3593 resolvens,
957 3510 1131 3593 stimulans,

316 3611 434 3676 aridum
455 3612 621 3686 involvens,
641 3611 761 3670 siccans
1115 3603 1118 3608 ’
