2438 4142
873 309 940 383 231

165 530 366 604 NORMAE
390 527 838 604 PHARMACEUTICAE

52 1009 75 1045 1.
98 984 209 1046 Herba
229 999 259 1047 et
269 989 359 1067 solia
381 987 557 1070 colligentur
571 987 627 1048 seb
641 987 726 1047 coelo
740 1005 865 1056 sereno,
884 1007 951 1066 pro·

85 1067 169 1128 xime
190 1078 260 1127 ente
280 1066 508 1129 florescentium.
538 1066 693 1126 siccentur
729 1067 865 1126 celeriter
891 1068 948 1126 snb

88 1147 197 1206 umbra
210 1148 275 1207 loco
291 1157 425 1208 ventoso.
439 1149 549 1210 Flores
561 1147 714 1229 legantur,
749 1147 949 1228 cumprimum

87 1231 184 1307 aperti
206 1230 272 1287 sint.
295 1225 451 1290 siccentur
473 1238 507 1289 ut
526 1228 647 1290 herbas.
675 1227 701 1288 lt
746 1227 806 1288 ices
825 1241 949 1308 vegete·

86 1307 192 1366 billum
213 1307 362 1367 biennium
383 1312 555 1390 perennium
579 1329 616 1368 ne
646 1304 828 1370 effodiantur
854 1311 951 1388 primo

87 1408 178 1460 vere;
201 1400 365 1468 purgentur
386 1409 403 1448 e
424 1389 545 1469 pulvere
558 1329 667 1463 irum,
687 1386 881 1468 similiterque
895 1388 950 1446 sic·

87 1479 196 1528 centur
215 1467 285 1528 loco
307 1468 456 1529 umbroso.
488 1469 638 1530 Succosae
669 1468 781 1528 radices
811 1467 842 1528 in
861 1469 950 1528 furno

87 1559 236 1608 arescant.

51 1647 75 1686 2.
97 1627 225 1688 Horrea
245 1648 301 1708 pro
321 1633 449 1692 materiis
470 1627 683 1710 vegetabilibus
703 1627 832 1710 spatiosa
846 1640 948 1700 sunto,

88 1711 168 1766 sicca
190 1722 221 1766 et
241 1707 279 1766 ab
300 1711 369 1767 ae‘re
395 1707 486 1769 libero
516 1729 578 1770 noo
604 1710 729 1770 seclusa.
761 1707 950 1769 Substantias

87 1775 166 1866 quie
187 1779 320 1848 volatiles
339 1787 440 1848 fovent
461 1799 559 1870 partes
578 1788 611 1848 in
632 1791 709 1850 vasis
732 1788 825 1870 probe
839 1787 946 1848 clausis

87 1877 320 1940 conserventur,
350 1887 446 1948 neque
467 1871 497 1928 in
518 1880 703 1932 antecessum
724 1870 838 1948 majore
860 1889 945 1946 copia

86 1947 302 2084 pulverentur,
331 1968 422 2027 quam
453 1961 542 2030 prout
562 1951 733 2030 poposcerit
753 1968 823 2008 usus
845 1948 945 2029 quoti·

108 2047 202 2086 lanus,

51 2108 74 2165 3.
98 2106 131 2164 ln
154 2127 224 2186 prae
248 2109 377 2168 aratione
398 2108 591 2190 pharmacum
623 2107 857 2190 compositorum
884 2111 946 2167 sin-

86 2187 174 2267 gulae
185 2129 367 2247 suistautiae
380 2188 495 2249 solraae
516 2199 583 2271 post
604 2189 841 2268 pulverationem
865 2195 944 2249 se'or·

85 2269 142 2326 sim
162 2265 374 2348 ponderentur.

49 2348 75 2420 4.
96 2347 266 2420 Extracta,
294 2346 428 2427 pauxillo
455 2347 597 2411 alooholis
624 2347 783 2430 adspersa,
816 2347 847 2408 in
868 2348 945 2410 vasis

86 2427 189 2487 terreis
209 2429 285 2487 bene
302 2426 412 2488 'clausis
433 2428 498 2489 loco
518 2427 624 2508 frigido
645 2439 808 2490 curventur.

49 2505 75 2565 5.
96 2506 237 2584 Paulae,
268 2505 401 2588 inprimis
432 2528 509 2590 quae
538 2508 671 2570 volatiles
691 2507 804 2569 habent
825 2521 946 2588 partes.

85 2597 298 2647 conserventur
318 2587 348 2644 in
369 2589 445 2648 vasis
467 2588 561 2672 probe
581 2587 746 2661 obturatis,
767 2607 865 2672 neque
877 2609 945 2648 ma-

84 2666 149 2746 jore
171 2665 335 2747 quantitate
356 2683 516 2749 parentur,
537 2691 628 2752 quam
642 2689 719 2751 quac
734 2671 816 2730 brevi
837 2689 945 2730 consu·

86 2758 196 2809 matur.

48 2825 74 2885 6.
95 2827 271 2900 Alcolroles,
287 2827 463 2908 Tinctum,
474 2830 629 2905 Aetherea,
635 2831 833 2900 Aetherem,
847 2831 926 2892 Olea
934 2875 944 2904 ,

87 2907 287 2984 Electuaria,
321 2907 495 2989 Unguenta,
527 2909 709 2992 Emplastra
729 2923 944 2972 conserventur

85 2986 116 3046 in
136 2987 208 3048 locis
237 2987 273 3046 fn·
296 2987 368 3061 idis3
389 2989 515 3071 Syrum,
541 2991 626 3051 Vina
657 3005 687 3051 et
707 2995 817 3071 Aquae
844 2991 946 3051 destil-

85 3070 167 3128 latae
187 3071 217 3128 in
237 3008 320 3128 celiis
340 3067 559 3148 subterraneis,
582 3081 615 3132 et
634 3072 746 3154 Aquae
767 3070 890 3151 quidem
912 3075 941 3130 in

85 3147 162 3210 vasis
185 3146 286 3208 terreis
306 3147 424 3210 nonnisi
444 3169 561 3233 papyro
583 3149 718 3214 obtectis.

49 3249 74 3304 7.
94 3231 219 3288 Resinae
235 3241 266 3287 et
282 3229 538 3290 Gummi-resinae
558 3232 731 3313 praeprimis
753 3230 873 3309 hieme,
894 3232 942 3291 fri·

85 3306 232 3388 gidissima
252 3319 429 3388 tempestate
451 3309 654 3391 pulverentur.

14 3391 15 3416 ¹
50 3387 76 3445 8.
98 3388 289 3468 Quantitotcs
311 3388 499 3448 materiarum
523 3391 677 3471 pondere,
697 3411 758 3452 non
772 3411 844 3452 vero
860 3411 941 3451 men·

14 3463 15 3546 l
85 3484 153 3530 sure
173 3479 207 3528 ut
228 3470 321 3548 magis
342 3471 474 3547 incerte,
498 3469 686 3533 definiantur.
