2438 4142
301 299 346 344 on
373 293 538 350 raseris.
564 296 609 342 ar
635 294 740 342 conr.
896 259 959 346 181

191 407 325 468 obducto
346 404 501 486 aliquoties
522 403 660 480 ebulliat,
681 414 713 464 et
730 414 767 488 ut
778 403 968 486 refrigescat,

188 520 362 588 reponatur.
381 503 519 584 Denique
540 501 732 588 praecipitata
753 503 906 584 magnesia
925 525 969 564 se·

190 618 332 686 paretur,
354 603 486 686 perfecte
506 601 714 682 edulcaretur,
736 600 880 677 siccetur,
909 623 968 665 ser·

191 715 292 765 vetur.
420 719 421 724 ’

101 803 222 867 Virtus
243 801 426 882 absorbens,
446 801 553 862 leniter
573 800 694 876 laxans,
715 799 867 861 diuretica.

105 905 199 964 Usus.
219 902 347 962 Acidum
368 900 531 981 primarum
552 898 682 974 viarum,
702 899 968 978 haemorrhoides,

144 998 436 1085 hypocbcndriasis,
451 998 601 1082 hymerio,
615 997 802 1078 flatutenria,
818 995 968 1077 vomitus,

102 1129 110 1146 =
146 1100 252 1162 viridis
273 1102 356 1163 alvus
376 1099 536 1174 infantum,
557 1097 706 1180 inquietae
726 1096 872 1158 iniantum
887 1118 968 1159 som·

147 1219 209 1260 nus
230 1221 248 1259 a
270 1196 445 1259 torminibus
465 1209 496 1258 et
517 1195 679 1258 dentitione
699 1195 791 1278 gravi.

104 1301 211 1360 Dotis.
233 1297 395 1363 infantibus
416 1316 506 1378 grana
527 1295 681 1378 quinque,
701 1294 764 1356 sive
795 1295 878 1376 quod
902 1313 968 1356 mc·

148 1397 209 1459 lius
231 1410 299 1477 est,
320 1399 358 1458 ad
379 1397 619 1484 uuciamsyrupi
632 1409 762 1477 quatuor
774 1393 905 1476 scrupuli
918 1415 970 1458 ve·

147 1496 253 1578 uiant,
273 1495 357 1577 quod
375 1495 626 1558 medicamentum
646 1515 701 1576 per
720 1513 813 1575 parva
833 1493 968 1554 cochlea-

147 1600 194 1658 ria
214 1600 330 1679 saepius
351 1600 380 1657 in
401 1595 450 1657 die
466 1597 575 1670 datur3
597 1591 705 1656 adultis
719 1613 737 1653 a
751 1595 847 1675 grauis
862 1594 968 1654 decem

151 1693 194 1756 ad
214 1693 354 1776 triginta,
374 1692 534 1777 sexaginta.

108 1873 321 1936 macnusm
342 1873 471 1950 ruas,

341 1972 457 2032 nsrn.

69 2092 129 2173 Rp.
154 2089 325 2171 Magnesiae
346 2089 432 2150 albae
452 2087 565 2174 optimc
586 2089 777 2151 edulcoratae
797 2112 826 2171 q.
847 2091 867 2150 1.

153 2190 189 2250 In
208 2187 359 2250 crucibulo
382 2203 479 2267 tecto,
499 2187 597 2249 valido
624 2187 694 2270 igne
724 2189 886 2249 calcinetur
914 2209 968 2270 per

194 2309 286 2348 unam
317 2289 364 2348 vei
383 2288 456 2348 duas
486 2289 596 2366 horas,
617 2287 684 2347 dein
704 2285 856 2368 magnesia
881 2285 967 2347 refri-

194 2399 294 2468 gerata
314 2389 346 2446 in
367 2386 449 2447 vitris
469 2386 562 2468 probe
583 2384 689 2447 clausis
710 2401 853 2448 servetur.

95 2511 99 2518 ·
119 2485 227 2546 Virtus
246 2489 351 2568 prioris
371 2483 561 2566 magnesiae,
580 2485 632 2546 sed
652 2485 740 2567 longe
760 2486 945 2546 eminentior.

116 2585 216 2645 Dotis.
236 2589 262 2644 A
282 2584 379 2665 granis
400 2582 512 2657 tribus,
534 2584 573 2645 ad
593 2582 735 2665 qumque.

117 2761 200 2858 MEL
221 2713 427 2859 Rosnpunss

77 2885 134 2966 Rp.
161 2884 306 2956 Rosarum
327 2872 501 2943 siccatorum
521 2882 623 2942 uncias
642 2891 721 2956 tres,

155 2984 256 3062 Aquae
276 2980 407 3044 fervidae
428 2979 514 3041 libras
537 2993 616 3052 tres3

157 3079 258 3161 Spatio
272 3081 360 3138 trium
375 3077 518 3138 horarum
542 3086 746 3150 macerentur,
769 3085 801 3135 et
822 3073 967 3136 filtratum

194 3174 345 3259 liquorem
366 3195 463 3257 coque
482 3197 551 3237 cum
569 3173 669 3238 meltis
689 3173 771 3236 libris
792 3195 844 3235 sex
857 3175 896 3234 ad
909 3173 967 3234 suf·

149 3329 152 3334 ,
194 3273 345 3336 finientem
367 3272 596 3358 spissitudinem.

122 3375 224 3438 Virtus
243 3374 419 3456 detergens,
438 3373 575 3436 incidens.

126 3475 204 3534 Usus.
217 3473 323 3533 Ulcera
335 3475 415 3546 oris;
429 3475 459 3534 in
472 3471 568 3536 forma
581 3477 836 3556 gargarismatum,
854 3470 965 3534 linctus.

159 3572 279 3632 Patara.
298 3571 427 3646 Roscios
852 3568 888 3631 16
1006 3640 1008 3646 y
