2414 4156
245 291 292 384 nl
484 309 612 360 rnrnnr.
638 310 780 362 nossrcr
804 313 834 360 r.
862 314 884 360 r.

286 425 377 490 Usus.
398 421 506 486 Rabies
527 428 650 501 canina,
680 446 803 499 cancer,
833 425 991 508 epilepsia,
1023 423 1135 486 chorea

322 526 356 588 S.
376 523 458 606 Viti,
486 523 633 599 scirrlrus,
665 503 875 600 nielancholra,
900 522 1018 599 mania,
1038 524 1136 585 hemi·

321 625 418 710 plegio
445 645 565 699 serora,
592 625 750 688 Foliorum
770 625 834 700 vis,
865 639 896 686 ct
924 645 1013 706 usus,
1044 624 1137 686 radici

322 723 494 788 consimilis.
851 754 873 782 s

286 829 386 889 Doris.
399 823 516 888 Radieis
531 846 620 906 grana
634 829 765 909 quinque
777 870 786 901 ,
806 827 845 887 ad
858 825 1035 903 duodecim,
1049 826 1138 888 ndul-

317 938 379 1000 'to;
398 923 501 987 infanti
521 945 643 1007 granum
665 947 773 998 unum,
801 927 838 986 ad
862 947 915 988 sex
935 929 963 986 in
985 949 1065 1009 aqua
1084 927 1137 990 sn‘·

235 1029 237 1035 ⁴
324 1027 410 1108 girle3
431 1024 586 1087 Foliorum
608 1027 710 1088 adulto
725 1048 815 1108 grana
829 1027 907 1104 duo,
928 1042 1076 1109 quatuor,
1097 1029 1138 1090 ad

324 1139 411 1200 octo,
432 1124 534 1186 infanti
555 1147 573 1186 a
593 1138 697 1209 quarta
718 1127 801 1209 grani
822 1139 926 1208 parte,
951 1128 989 1188 ad
1010 1149 1138 1209 granum

323 1223 494 1302 dimidium,
514 1226 576 1288 <luo
597 1238 627 1288 et
648 1225 714 1287 triu.
736 1228 896 1308 scrupulus
919 1247 995 1288 unus
1010 1230 1138 1290 siccato-

323 1346 391 1393 rum
412 1325 550 1388 soliorum
571 1329 609 1390 ad
629 1331 730 1390 uncias
751 1330 854 1389 decem
875 1349 970 1408 aquae
983 1327 1138 1408 ferventis,

289 1477 292 1489 .
327 1428 409 1510 quod
429 1427 555 1488 inlusum
576 1449 629 1510 per
649 1429 725 1490 diem
746 1426 922 1490 cochleatim
944 1426 1130 1490 exhauritur.

283 1518 417 1590 E'xteme
438 1527 625 1610 cataplasma.

282 1627 373 1690 Folia
394 1639 530 1708 tempore
552 1648 607 1689 suo
628 1627 721 1706 lecta,
742 1627 888 1690 siccentur
906 1643 940 1690 ut
960 1627 1140 1712 ipsaradi13

321 1739 353 1790 et
374 1729 497 1788 seorsim
518 1742 604 1788 caute
625 1742 784 1788 serventur.
805 1732 917 1789 Contra
937 1729 1140 1799 Belladopuae

323 1823 481 1886 deleterios
503 1825 624 1885 effectus
645 1825 807 1886 maximum
827 1838 872 1886 cst
886 1827 1052 1888 antidotum
1067 1847 1139 1888 ace·

322 1935 406 2004 turn,
428 1924 607 2000 emeticum,
628 1925 674 1984 lac
695 1925 836 2007 tepidum.

283 2122 446 2184 BENZOE
477 2145 499 2183 s.
523 2123 760 2184 BENZOlNUM
789 2125 945 2198 GUMMI,
976 2147 1030 2187 seu
1061 2127 1140 2189 ΔΒΑ

243 2224 400 2286 DULClS.
423 2223 543 2304 Sryrax
564 2227 706 2285 Beozor'n.
727 2226 891 2307 Dryander.
914 2227 1038 2287 Laurus
1060 2229 1142 2289 Ben-

243 2327 324 2385 zoin.
351 2326 387 2386 L.
409 2323 444 2386 cl.
465 2325 506 2384 X.
536 2324 611 2384 Ord.
642 2326 802 2407 Monngyn.
836 2326 932 2385 Arbor
957 2328 1079 2408 copiose
1110 2330 1143 2388 in

244 2423 357 2485 insulae
370 2423 525 2484 Sumntrae
539 2421 671 2504 partibus
685 2424 975 2507 septentrionalibus,
995 2441 1025 2488 ct
1039 2425 1143 2488 medin

242 2533 349 2606 parte,
370 2517 514 2585 crescens.
668 2577 671 2584 .

289 2622 379 2684 Odor
397 2625 548 2705 fragrans,
568 2635 742 2706 gratusque,
775 2626 853 2686 iuter
873 2627 977 2689 dentes
998 2625 1122 2691 li'iabilis
1132 2676 1144 2705 ,

326 2721 430 2784 sedin
451 2743 502 2783 ore
523 2745 583 2784 non
603 2723 742 2785 solubilis.

282 2822 389 2902 Sapor
399 2823 566 2901 subdulcia,
582 2826 730 2885 resinosus
745 2838 775 2884 et
786 2824 974 2887 balsamicus.
985 2825 1055 2891 vid.
1068 2827 1144 2890 Flo·

319 2943 366 2982 res
386 2923 518 2984 Benzoes
539 2924 621 2983 Part.
643 2925 681 2984 ll.

282 3011 404 3087 Dentur
422 3025 577 3105 praecipue
609 3037 668 3085 tres
695 3023 807 3106 specics
826 3027 976 3101 Benzoes,
1006 3049 1141 3109 quarum

317 3143 377 3183 una
389 3123 456 3183 alba
472 3123 623 3206 Camayan
637 3123 737 3199 Poeti,
752 3127 798 3185 vel
813 3127 992 3187 Bennoinunr
1010 3127 1110 3189 album
1125 3174 1136 3207 ‚

323 3222 369 3283 vel
392 3222 537 3298 Cabcssn,
557 3243 635 3303 quae
657 3227 776 3284 omnino
798 3225 866 3286 alba
879 3235 932 3287 est.
951 3227 1049 3288 Altera
1062 3227 1142 3291 albis

322 3318 499 3404 quibusdam
524 3321 646 3382 maculis
670 3322 755 3404 quasi
790 3324 881 3384 oculis
909 3327 1053 3388 instructa
1078 3327 1143 3388 Ca-

320 3441 430 3503 rnnynn
452 3421 606 3504 Bematta,
627 3441 683 3485 reu
699 3424 817 3485 Benace
830 3425 1067 3508 amygdaloides,
1091 3425 1143 3488 di·

317 3518 404 3583 citur.
