2376 4146
233 260 304 336 316
518 287 647 336 rnlnn.
673 286 826 336 rnnnrct

388 401 502 485 Liquor
531 424 586 488 per
615 403 747 464 chartam
780 403 894 465 uolatus
927 419 1079 485 evaporet
1100 407 1140 467 ad

349 499 529 584 pelliculam.
561 505 643 564 Tum
664 504 730 566 loco
751 502 858 586 frigido
880 519 1072 588 seponatur,
1106 519 1139 567 ut

348 601 514 664 formentur
533 601 674 688 crystalli.
750 604 753 608 ’
872 647 876 654 .

350 798 539 881 eternas
560 800 772 862 POTASSAE
793 801 1016 864 STlBlOSUS.

489 942 638 1003 Tartarus
656 943 874 1004 antimom'alis
964 926 966 934 Ι

230 1101 283 1162 Rc.
305 1101 394 1162 oxidi
414 1100 530 1164 stibiosi
549 1103 716 1186 pulveral,

310 1200 431 1262 Tartari
459 1203 667 1284 crystallorum
694 1201 939 1284 pulveratarum,
973 1202 1129 1283 utriusque

350 1304 451 1364 uncias
472 1313 554 1380 tres,

311 1405 414 1484 Aquae
434 1401 602 1466 destillatae
622 1401 716 1480 libras¹
732 1417 870 1484 quatuor.

391 1501 558 1584 Coquendo
571 1503 743 1584 digerantur
754 1503 786 1563 iu
800 1519 871 1564 taso
893 1500 1013 1574 vitreo,
1036 1522 1131 1583 usque

350 1622 410 1683 quo
432 1603 544 1662 solutus
565 1600 604 1664 sit
623 1613 760 1664 tartarus.
792 1603 873 1688 Tum
901 1599 1053 1682 liquidum
1072 1601 1132 1662 ler-

351 1723 424 1763 veus
450 1702 566 1764 coletur
592 1717 624 1763 et
638 1703 720 1763 ,loco
748 1701 1070 1784 frigidosepouatur,
1099 1715 1134 1761 ut

350 1802 503 1884 crystallos
524 1803 672 1868 demittat.
696 1803 814 1865 Solutio
845 1803 966 1864 residua
987 1812 1057 1880 post
1077 1799 1134 1862 ite-

351 1913 447 1964 ratam
462 1903 705 1985 evaporationem
715 1923 808 1962 novas
823 1898 955 1982 porriget
967 1898 1132 1980 crystallus.

354 2003 387 2065 si
408 2005 519 2064 interea
538 2002 570 2064 in
590 2003 707 2086 liquore
720 2016 912 2086 compareant
924 2000 1062 2062 aoioulae
1077 2013 1134 2062 tar·

351 2105 437 2164 tratis
455 2103 563 2181 caleis,
592 2123 669 2184 quae
701 2102 847 2185 liquorem
866 2099 1019 2182 agitatum
1040 2100 1134 2162 turbi-

351 2204 424 2264 dum
443 2203 569 2278 faciunt,
588 2204 639 2264 hic
659 2205 758 2265 denuo
780 2225 833 2286 per
847 2203 984 2265 chartam
997 2202 1134 2280 cuum,

275 2331 279 2336 ·
354 2305 514 2420 autequam
535 2305 657 2366 ulterius
678 2319 829 2388 evaporet.
886 2329 891 2338 ·

336 2530 347 2566 ·.
430 2435 674 2586 amaruan
693 2443 909 2549 ΑΝΝΝΝΝΝ.

157 2587 163 2622 s
232 2600 286 2664 Ro.
307 2600 454 2664 Absinthii
475 2571 683 2664 summitatum
702 2603 804 2665 unciae
816 2617 975 2685 quatuor,

239 2761 242 2768 .
314 2701 441 2785 Spiritus
462 2701 603 2764 frnmenti
623 2702 712 2765 libras
734 2695 817 2764 duaa.

392 2801 597 2885 Digerautur
594 2802 800 2885 pertriduum
822 2811 861 2865 'et
872 2801 1023 2865 colentur.

330 3001 541 3067 TlNC-TURA
562 2993 764 3064 ABSINTHll
786 3001 1049 3066 conposita,

542 3143 686 3204 linctum
705 3160 825 3208 amara

234 3303 289 3367 Ilo.
308 3301 458 3366 Absinthii
478 3304 683 3366 summitatum
703 3306 804 3368 uncias
825 3305 916 3376 duas,

315 3405 426 3466 Gardui
445 3403 595 3468 benedicti
614 3402 746 3484 herbae,

314 3507 450 3569 Aurantii
469 3508 583 3578 fruetus
603 3505 776 3587 immaturi,
