2342 4146
264 285 330 378 ¹4²
482 307 609 354 aarum.
636 304 779 354 aossrca
805 307 834 353 a.
861 308 900 354 n.

297 419 390 481 Nota.
407 420 496 478 Aeeta
510 417 664 500 simplicia,
685 439 703 477 a
718 417 839 478 medicis
853 430 883 479 et
904 418 940 478 ab
955 440 1010 479 usu
1024 427 1124 499 recepto

337 520 516 601 pendentia,
538 540 574 578 ex
595 530 729 601 tempore
750 535 896 600 parentur.
920 519 983 578 Hoc
1003 529 1059 578 est:
1085 516 1125 576 uni

338 615 414 699 parti
446 616 618 696 vegetabilis
648 615 815 678 infunditur
843 616 959 678 circiter
993 615 1125 698 octuplum

339 713 411 776 boui
433 713 519 776 aceti.

297 895 466 958 acaruu
490 895 678 972 saraam,

297 995 553 1056 ExratcTuu
576 995 756 1055 sa‘ruaru.

257 1116 313 1197 Rp.
342 1116 488 1174 Cerussaa
501 1112 532 1172 in
547 1112 676 1191 laminis,
688 1113 734 1176 vel
750 1112 830 1173 minii
844 1116 904 1174 triti
918 1125 1034 1196 partem
1047 1129 1125 1175 uuam.

281 1231 283 1236 ·
338 1215 422 1273 Aceti
443 1211 503 1271 vini
524 1211 594 1271 boni
616 1226 713 1293 partes
735 1223 873 1292 quatuor.

259 1311 435 1392 Coquantur
455 1307 485 1368 in
508 1310 604 1368 lebete
624 1307 683 1368 leui
705 1311 789 1386 igne,
820 1310 859 1368 ud
888 1307 1026 1369 dimidiae
1054 1303 1125 1388 partis

256 1408 509 1481 cousumtionem,
525 1407 635 1476 ¹bacillo
657 1413 771 1489 saepius
793 1409 954 1490 agitand03
976 1403 1126 1491 Liquorsri·

257 1511 402 1592 gesactus,
424 1508 552 1568 filtratus
574 1519 715 1568 servetur.

297 1608 327 1669 Si
347 1607 444 1690 liquor
465 1606 495 1666 in
516 1607 611 1666 lebete
631 1607 669 1666 ad
690 1605 850 1668 siccitatem
872 1619 1064 1688 evaporatur,
1086 1625 1127 1664 er·

335 1721 465 1780 ,tractum
487 1709 604 1766 ‘saturni
624 1709 737 1766 siccum
760 1706 876 1766 dicitur:
889 1709 973 1766 Dum
995 1727 1066 1765 veru
1078 1701 1126 1761 calx
1152 1767 1153 1774 χ

335 1808 448 1889 plumbi
471 1818 556 1867 aceto
577 1806 726 1866 destiiluto
747 1807 886 1885 solvitur,
915 1819 946 1866 et
973 1807 1011 1865 ad
1032 1802 1125 1863 cristul-

335 1905 476 1967 lisationia
489 1919 632 1988 puuctum
645 1918 830 1987 evaporatur,
845 1907 1019 1968 saccharum
1034 1901 1126 1963 ratuni

336 2003 514 2088 appellatur.

300 2105 406 2167 Virtus
427 2118 458 2165 et
482 2104 564 2165 Usus.
586 2103 662 2168 Vide
683 2125 793 2186 aquam
814 2103 1092 2186 vegetamineralem·

296 2283 470 2347 ACETUM
492 2281 766 2346 SCILLlTlCUM.

255 2403 310 2485 up.
335 2400 454 2463 Radicis
475 2400 572 2462 acidae
593 2413 785 2484 praeparatae
806 2412 920 2482 partem
942 2421 1041 2460 uuam.

335 2500 420 2563 Aeeti
440 2500 500 2562 vini
520 2512 618 2582 partes
639 2522 699 2562 sex.
714 2499 895 2582 Digerantur
908 2499 969 2560 leni
984 2500 1077 2561 calore
1087 2511 1124 2575 per

376 2612 434 2662 tres
455 2600 538 2672 dies,
565 2598 634 2660 sorti
663 2598 847 2681 expressione
876 2598 992 2660 coletur
1011 2610 1125 2660 aretam,

377 2712 408 2760 et
428 2700 496 2760 dein
516 2697 654 2760 filtretur.

299 2800 417 2862 Virtus.
439 2797 593 2875 Inuident,
614 2799 961 2872 attenuans,.diuretica.

300 2897 382 2957 Usus.
393 2894 518 2958 Asthma
530 2895 700 2970 humidum,
719 2896 850 2977 hydrops
863 2894 1004 2976 pectoris,
1023 2891 1126 2953 affectus

336 2994 515 3054 catarrhales
536 2993 711 3055 suffocativi.

297 3091 397 3151 Doris.
417 3091 567 3151 Drachma
588 3112 666 3169 una,
699 3091 737 3152 ad
761 3089 879 3151 unciam
901 3089 1057 3150 dimidiam.
1082 3084 1123 3144 tu·

337 3185 399 3249 rius
420 3209 472 3270 per
491 3209 523 3249 se
544 3186 770 3270 praeteribitur,
790 3188 910 3271 oxymel
929 3189 998 3247 inde
1011 3191 1123 3268 paratum

337 3283 380 3345 illi
402 3286 576 3368 praefertur.

297 3381 389 3446 Nota.
411 3386 510 3450 Aeetia
531 3385 638 3448 diutius
659 3385 808 3446 servandis
829 3382 944 3444 decima
974 3392 1056 3443 sexta
1073 3389 1122 3455 part

337 3481 454 3564 spiritus
474 3487 531 3543 vini
551 3482 705 3546 rectificati
724 3480 852 3543 additur.
876 3482 923 3543 Sic
936 3493 1052 3564 paratur
1062 3479 1120 3536 Act·

339 3597 401 3645 tum
422 3583 558 3646 rutrdici.
