<?xml version="1.0" encoding="UTF-8"?>
<!DOCTYPE html PUBLIC "-//W3C//DTD XHTML 1.0 Transitional//EN"
    "http://www.w3.org/TR/xhtml1/DTD/xhtml1-transitional.dtd">
<html xmlns="http://www.w3.org/1999/xhtml" xml:lang="en" lang="en">
 <head>
  <title>
</title>
<meta http-equiv="Content-Type" content="text/html;charset=utf-8" />
  <meta name='ocr-system' content='tesseract 3.04.00' />
  <meta name='ocr-capabilities' content='ocr_page ocr_carea ocr_par ocr_line ocrx_word'/>
</head>
<body>
  <div class='ocr_page' id='page_1' title='image "./pharmacopoearos00unkngoog_0081.png"; bbox 0 0 2414 4156; ppageno 0'>
   <div class='ocr_carea' id='block_1_1' title="bbox 232 279 994 392">
    <p class='ocr_par' dir='ltr' id='par_1_1' title="bbox 232 279 994 392">
     <span class='ocr_line' id='line_1_1' title="bbox 232 279 994 392; baseline -0.02 -27"><span class='ocrx_word' id='word_1_1' title='bbox 232 319 277 392; x_wconf 88' lang='lat'><strong>72</strong></span> <span class='ocrx_word' id='word_1_2' title='bbox 476 308 605 359; x_wconf 72' lang='lat' dir='ltr'><strong>aranu.</strong></span> <span class='ocrx_word' id='word_1_3' title='bbox 633 307 774 359; x_wconf 79' lang='lat' dir='ltr'><strong>nussim</strong></span> <span class='ocrx_word' id='word_1_4' title='bbox 800 309 831 357; x_wconf 78' lang='lat' dir='ltr'><strong>r.</strong></span> <span class='ocrx_word' id='word_1_5' title='bbox 858 307 880 352; x_wconf 91' lang='lat'><strong>1.</strong></span> <span class='ocrx_word' id='word_1_6' title='bbox 991 279 994 286; x_wconf 87' lang='grc'>’</span> 
     </span>
    </p>
   </div>
   <div class='ocr_carea' id='block_1_2' title="bbox 260 404 1140 1001">
    <p class='ocr_par' dir='ltr' id='par_1_2' title="bbox 308 404 1138 710">
     <span class='ocr_line' id='line_1_2' title="bbox 310 404 1136 510; baseline -0.028 -21"><span class='ocrx_word' id='word_1_7' title='bbox 310 425 430 510; x_wconf 79' lang='lat' dir='ltr'><strong>quotis,</strong></span> <span class='ocrx_word' id='word_1_8' title='bbox 453 422 554 503; x_wconf 81' lang='lat' dir='ltr'><strong>initio,</strong></span> <span class='ocrx_word' id='word_1_9' title='bbox 574 422 735 484; x_wconf 84' lang='lat' dir='ltr'><strong>infantibus</strong></span> <span class='ocrx_word' id='word_1_10' title='bbox 756 418 910 481; x_wconf 85' lang='lat' dir='ltr'><strong>hiennibus</strong></span> <span class='ocrx_word' id='word_1_11' title='bbox 932 413 978 473; x_wconf 84' lang='lat' dir='ltr'><strong>vei</strong></span> <span class='ocrx_word' id='word_1_12' title='bbox 999 404 1136 472; x_wconf 87' lang='lat' dir='ltr'><strong>trienni·</strong></span> 
     </span>
     <span class='ocr_line' id='line_1_3' title="bbox 308 510 1138 608; baseline -0.028 -18"><span class='ocrx_word' id='word_1_13' title='bbox 308 529 381 606; x_wconf 77' lang='lat' dir='ltr'><strong>hus,</strong></span> <span class='ocrx_word' id='word_1_14' title='bbox 396 537 497 608; x_wconf 82' lang='lat' dir='ltr'><strong>guttae</strong></span> <span class='ocrx_word' id='word_1_15' title='bbox 511 522 610 606; x_wconf 78' lang='lat' dir='ltr'><strong>viginti</strong></span> <span class='ocrx_word' id='word_1_16' title='bbox 624 525 662 583; x_wconf 83' lang='lat' dir='ltr'><strong>ad</strong></span> <span class='ocrx_word' id='word_1_17' title='bbox 676 521 815 603; x_wconf 81' lang='lat' dir='ltr'><strong>triginta,</strong></span> <span class='ocrx_word' id='word_1_18' title='bbox 835 531 897 591; x_wconf 81' lang='lat' dir='ltr'><strong>ter,</strong></span> <span class='ocrx_word' id='word_1_19' title='bbox 911 515 948 575; x_wconf 88' lang='lat' dir='ltr'><strong>de</strong></span> <span class='ocrx_word' id='word_1_20' title='bbox 965 511 1032 584; x_wconf 61' lang='lat' dir='ltr'><strong>dies</strong></span> <span class='ocrx_word' id='word_1_21' title='bbox 1051 510 1138 569; x_wconf 86' lang='lat' dir='ltr'><strong>Dein</strong></span> 
     </span>
     <span class='ocr_line' id='line_1_4' title="bbox 309 609 1137 710; baseline -0.027 -21"><span class='ocrx_word' id='word_1_22' title='bbox 309 639 410 710; x_wconf 82' lang='lat' dir='ltr'><strong>guttae</strong></span> <span class='ocrx_word' id='word_1_23' title='bbox 430 622 628 706; x_wconf 81' lang='lat' dir='ltr'><strong>quadraginta</strong></span> <span class='ocrx_word' id='word_1_24' title='bbox 642 622 680 682; x_wconf 81' lang='lat' dir='ltr'><strong>ad</strong></span> <span class='ocrx_word' id='word_1_25' title='bbox 694 618 910 703; x_wconf 80' lang='lat' dir='ltr'><strong>quinquaginta</strong></span> <span class='ocrx_word' id='word_1_26' title='bbox 924 635 980 696; x_wconf 87' lang='lat' dir='ltr'><strong>pro</strong></span> <span class='ocrx_word' id='word_1_27' title='bbox 997 609 1137 672; x_wconf 82' lang='lat' dir='ltr'><strong>cuiusvis</strong></span> 
     </span>
    </p>

    <p class='ocr_par' dir='ltr' id='par_1_3' title="bbox 260 708 1140 1001">
     <span class='ocr_line' id='line_1_5' title="bbox 260 708 1139 805; baseline -0.025 -16"><span class='ocrx_word' id='word_1_28' title='bbox 260 797 264 804; x_wconf 27' lang='grc'>1</span> <span class='ocrx_word' id='word_1_29' title='bbox 310 738 419 789; x_wconf 83' lang='lat' dir='ltr'><strong>aetate.</strong></span> <span class='ocrx_word' id='word_1_30' title='bbox 441 728 515 786; x_wconf 83' lang='lat' dir='ltr'><strong>Item</strong></span> <span class='ocrx_word' id='word_1_31' title='bbox 536 733 658 805; x_wconf 84' lang='lat' dir='ltr'><strong>paretur</strong></span> <span class='ocrx_word' id='word_1_32' title='bbox 678 744 713 783; x_wconf 86' lang='lat' dir='ltr'><strong>ex</strong></span> <span class='ocrx_word' id='word_1_33' title='bbox 733 718 823 781; x_wconf 86' lang='lat' dir='ltr'><strong>uncia</strong></span> <span class='ocrx_word' id='word_1_34' title='bbox 850 738 910 776; x_wconf 85' lang='lat' dir='ltr'><strong>unu</strong></span> <span class='ocrx_word' id='word_1_35' title='bbox 936 708 1139 796; x_wconf 79' lang='lat' dir='ltr'><strong>putaminum</strong></span> 
     </span>
     <span class='ocr_line' id='line_1_6' title="bbox 311 806 1140 900; baseline -0.027 -11"><span class='ocrx_word' id='word_1_36' title='bbox 311 825 451 889; x_wconf 81' lang='lat' dir='ltr'><strong>viiidium</strong></span> <span class='ocrx_word' id='word_1_37' title='bbox 471 844 540 884; x_wconf 90' lang='lat' dir='ltr'><strong>cum</strong></span> <span class='ocrx_word' id='word_1_38' title='bbox 561 821 636 882; x_wconf 85' lang='lat' dir='ltr'><strong>libra</strong></span> <span class='ocrx_word' id='word_1_39' title='bbox 657 841 715 881; x_wconf 83' lang='lat' dir='ltr'><strong>una</strong></span> <span class='ocrx_word' id='word_1_40' title='bbox 738 839 832 900; x_wconf 84' lang='lat' dir='ltr'><strong>aquae</strong></span> <span class='ocrx_word' id='word_1_41' title='bbox 850 817 1025 886; x_wconf 80' lang='lat' dir='ltr'><strong>decoctum,</strong></span> <span class='ocrx_word' id='word_1_42' title='bbox 1046 806 1140 891; x_wconf 89' lang='lat' dir='ltr'><strong>quod</strong></span> 
     </span>
     <span class='ocr_line' id='line_1_7' title="bbox 310 914 971 1001; baseline -0.021 -14"><span class='ocrx_word' id='word_1_43' title='bbox 310 941 372 988; x_wconf 86' lang='lat' dir='ltr'><strong>tam</strong></span> <span class='ocrx_word' id='word_1_44' title='bbox 393 925 530 1001; x_wconf 83' lang='lat' dir='ltr'><strong>interne,</strong></span> <span class='ocrx_word' id='word_1_45' title='bbox 550 941 640 1001; x_wconf 90' lang='lat' dir='ltr'><strong>quam</strong></span> <span class='ocrx_word' id='word_1_46' title='bbox 662 931 783 981; x_wconf 82' lang='lat' dir='ltr'>externe</span> <span class='ocrx_word' id='word_1_47' title='bbox 804 914 971 976; x_wconf 81' lang='lat' dir='ltr'><strong>exhibetur.</strong></span> 
     </span>
    </p>
   </div>
   <div class='ocr_carea' id='block_1_3' title="bbox 230 1107 1144 2488">
    <p class='ocr_par' dir='ltr' id='par_1_4' title="bbox 230 1107 1140 1403">
     <span class='ocr_line' id='line_1_8' title="bbox 271 1107 1139 1200; baseline -0.024 -15"><span class='ocrx_word' id='word_1_48' title='bbox 271 1122 449 1184; x_wconf 76' lang='lat' dir='ltr'><strong>tUNtPEnl</strong></span> <span class='ocrx_word' id='word_1_49' title='bbox 468 1120 597 1195; x_wconf 83' lang='lat' dir='ltr'><strong>baccae,</strong></span> <span class='ocrx_word' id='word_1_50' title='bbox 624 1118 747 1200; x_wconf 82' lang='lat' dir='ltr'><strong>lignum.</strong></span> <span class='ocrx_word' id='word_1_51' title='bbox 769 1115 930 1194; x_wconf 75' lang='lat' dir='ltr'><strong>luniperrts</strong></span> <span class='ocrx_word' id='word_1_52' title='bbox 951 1107 1139 1168; x_wconf 80' lang='lat' dir='ltr'><strong>communis.</strong></span> 
     </span>
     <span class='ocr_line' id='line_1_9' title="bbox 230 1205 1140 1300; baseline -0.023 -14"><span class='ocrx_word' id='word_1_53' title='bbox 230 1226 267 1287; x_wconf 87' lang='lat' dir='ltr'><strong>L.</strong></span> <span class='ocrx_word' id='word_1_54' title='bbox 289 1225 324 1286; x_wconf 86' lang='lat' dir='ltr'><strong>ci.</strong></span> <span class='ocrx_word' id='word_1_55' title='bbox 346 1223 431 1284; x_wconf 90' lang='lat' dir='ltr'>XXI.</span> <span class='ocrx_word' id='word_1_56' title='bbox 453 1221 531 1283; x_wconf 90' lang='lat' dir='ltr'><strong>Ord.</strong></span> <span class='ocrx_word' id='word_1_57' title='bbox 551 1217 743 1300; x_wconf 84' lang='lat' dir='ltr'><strong>Monadeiph.</strong></span> <span class='ocrx_word' id='word_1_58' title='bbox 765 1205 981 1288; x_wconf 71' lang='lat' dir='ltr'><strong>Arbuse&#39;utum,</strong></span> <span class='ocrx_word' id='word_1_59' title='bbox 1001 1207 1035 1270; x_wconf 86' lang='lat' dir='ltr'><strong>in</strong></span> <span class='ocrx_word' id='word_1_60' title='bbox 1054 1207 1140 1268; x_wconf 84' lang='lat' dir='ltr'><strong>Ros·</strong></span> 
     </span>
     <span class='ocr_line' id='line_1_10' title="bbox 233 1315 943 1403; baseline -0.023 -19"><span class='ocrx_word' id='word_1_61' title='bbox 233 1321 295 1385; x_wconf 81' lang='lat' dir='ltr'><strong>aiae</strong></span> <span class='ocrx_word' id='word_1_62' title='bbox 316 1331 499 1403; x_wconf 78' lang='lat' dir='ltr'><strong>temperatae</strong></span> <span class='ocrx_word' id='word_1_63' title='bbox 521 1319 584 1380; x_wconf 83' lang='lat' dir='ltr'><strong>seio</strong></span> <span class='ocrx_word' id='word_1_64' title='bbox 605 1315 713 1390; x_wconf 85' lang='lat' dir='ltr'><strong>sterili,</strong></span> <span class='ocrx_word' id='word_1_65' title='bbox 734 1323 943 1395; x_wconf 87' lang='lat' dir='ltr'><strong>spontaneum.</strong></span> 
     </span>
    </p>

    <p class='ocr_par' dir='ltr' id='par_1_5' title="bbox 276 1415 887 1499">
     <span class='ocr_line' id='line_1_11' title="bbox 276 1415 887 1499; baseline -0.018 -17"><span class='ocrx_word' id='word_1_66' title='bbox 276 1423 363 1484; x_wconf 84' lang='lat' dir='ltr'><strong><em>Odor</em></strong></span> <span class='ocrx_word' id='word_1_67' title='bbox 384 1420 543 1480; x_wconf 82' lang='lat' dir='ltr'><strong>baccarum</strong></span> <span class='ocrx_word' id='word_1_68' title='bbox 564 1416 675 1499; x_wconf 85' lang='lat' dir='ltr'><strong>puipae</strong></span> <span class='ocrx_word' id='word_1_69' title='bbox 695 1415 887 1474; x_wconf 85' lang='lat' dir='ltr'><strong>aromaticus.</strong></span> 
     </span>
    </p>

    <p class='ocr_par' dir='ltr' id='par_1_6' title="bbox 272 1514 948 1600">
     <span class='ocr_line' id='line_1_12' title="bbox 272 1514 948 1600; baseline -0.019 -18"><span class='ocrx_word' id='word_1_70' title='bbox 272 1523 374 1600; x_wconf 83' lang='lat' dir='ltr'><strong>Sapor</strong></span> <span class='ocrx_word' id='word_1_71' title='bbox 394 1518 558 1597; x_wconf 84' lang='lat' dir='ltr'><strong>subdulcis,</strong></span> <span class='ocrx_word' id='word_1_72' title='bbox 579 1516 770 1589; x_wconf 75' lang='lat' dir='ltr'><strong>euhemerus,</strong></span> <span class='ocrx_word' id='word_1_73' title='bbox 791 1514 948 1572; x_wconf 87' lang='lat' dir='ltr'><strong>resinosus.</strong></span> 
     </span>
    </p>

    <p class='ocr_par' dir='ltr' id='par_1_7' title="bbox 276 1616 584 1697">
     <span class='ocr_line' id='line_1_13' title="bbox 276 1616 584 1697; baseline -0.023 -16"><span class='ocrx_word' id='word_1_74' title='bbox 276 1618 362 1681; x_wconf 79' lang='lat' dir='ltr'><strong>odor</strong></span> <span class='ocrx_word' id='word_1_75' title='bbox 382 1616 451 1696; x_wconf 83' lang='lat' dir='ltr'><strong>ligni</strong></span> <span class='ocrx_word' id='word_1_76' title='bbox 473 1631 584 1697; x_wconf 79' lang='lat' dir='ltr'><strong>gratus.</strong></span> 
     </span>
    </p>

    <p class='ocr_par' dir='ltr' id='par_1_8' title="bbox 272 1715 568 1802">
     <span class='ocr_line' id='line_1_14' title="bbox 272 1715 568 1802; baseline -0.03 -21"><span class='ocrx_word' id='word_1_77' title='bbox 272 1722 376 1802; x_wconf 76' lang='lat' dir='ltr'><strong>Sapor</strong></span> <span class='ocrx_word' id='word_1_78' title='bbox 396 1715 568 1777; x_wconf 77' lang='lat' dir='ltr'><strong>amaricans.</strong></span> 
     </span>
    </p>

    <p class='ocr_par' dir='ltr' id='par_1_9' title="bbox 276 1807 1001 1886">
     <span class='ocr_line' id='line_1_15' title="bbox 276 1807 1001 1886; baseline -0.018 -6"><span class='ocrx_word' id='word_1_79' title='bbox 276 1820 384 1880; x_wconf 78' lang='lat' dir='ltr'><strong>Virtus</strong></span> <span class='ocrx_word' id='word_1_80' title='bbox 406 1814 564 1886; x_wconf 85' lang='lat' dir='ltr'><strong>diuretica‚</strong></span> <span class='ocrx_word' id='word_1_81' title='bbox 586 1810 768 1883; x_wconf 68' lang='lat' dir='ltr'><strong>sudomirus,</strong></span> <span class='ocrx_word' id='word_1_82' title='bbox 790 1807 1001 1869; x_wconf 84' lang='lat' dir='ltr'><strong>mundificans.</strong></span> 
     </span>
    </p>

    <p class='ocr_par' dir='ltr' id='par_1_10' title="bbox 279 1904 1142 2197">
     <span class='ocr_line' id='line_1_16' title="bbox 279 1904 1142 1997; baseline -0.017 -19"><span class='ocrx_word' id='word_1_83' title='bbox 279 1919 361 1978; x_wconf 85' lang='lat' dir='ltr'><strong>Usus.</strong></span> <span class='ocrx_word' id='word_1_84' title='bbox 384 1915 541 1997; x_wconf 83' lang='lat' dir='ltr'><strong>Hydrops,</strong></span> <span class='ocrx_word' id='word_1_85' title='bbox 555 1911 725 1986; x_wconf 85' lang='lat' dir='ltr'><strong>scorbutus,</strong></span> <span class='ocrx_word' id='word_1_86' title='bbox 739 1910 803 1970; x_wconf 85' lang='lat' dir='ltr'><strong>lues</strong></span> <span class='ocrx_word' id='word_1_87' title='bbox 818 1929 965 1980; x_wconf 83' lang='lat' dir='ltr'><strong>venerea,</strong></span> <span class='ocrx_word' id='word_1_88' title='bbox 979 1904 1142 1966; x_wconf 76' lang='lat' dir='ltr'><strong>catarrhus</strong></span> 
     </span>
     <span class='ocr_line' id='line_1_17' title="bbox 315 2005 1142 2091; baseline -0.015 -13"><span class='ocrx_word' id='word_1_89' title='bbox 315 2014 434 2091; x_wconf 86' lang='lat' dir='ltr'><strong>senilis,</strong></span> <span class='ocrx_word' id='word_1_90' title='bbox 449 2013 578 2087; x_wconf 84' lang='lat' dir='ltr'><strong>scabies,</strong></span> <span class='ocrx_word' id='word_1_91' title='bbox 594 2009 724 2071; x_wconf 86' lang='lat' dir='ltr'><strong>arthritis</strong></span> <span class='ocrx_word' id='word_1_92' title='bbox 732 2054 743 2090; x_wconf 89' lang='lat'><em>‚</em></span> <span class='ocrx_word' id='word_1_93' title='bbox 760 2010 914 2084; x_wconf 79' lang='lat' dir='ltr'><strong>sabulum,</strong></span> <span class='ocrx_word' id='word_1_94' title='bbox 928 2005 1142 2088; x_wconf 77' lang='lat' dir='ltr'><strong>suffumigium</strong></span> 
     </span>
     <span class='ocr_line' id='line_1_18' title="bbox 316 2115 559 2197; baseline -0.025 -22"><span class='ocrx_word' id='word_1_95' title='bbox 316 2115 559 2197; x_wconf 80' lang='lat' dir='ltr'><strong>vulgatissimum.</strong></span> 
     </span>
    </p>

    <p class='ocr_par' dir='ltr' id='par_1_11' title="bbox 277 2203 1144 2488">
     <span class='ocr_line' id='line_1_19' title="bbox 277 2203 1144 2286; baseline -0.02 -7"><span class='ocrx_word' id='word_1_96' title='bbox 277 2217 380 2279; x_wconf 82' lang='lat' dir='ltr'><strong>Doris.</strong></span> <span class='ocrx_word' id='word_1_97' title='bbox 401 2216 566 2273; x_wconf 84' lang='lat' dir='ltr'><strong>Baccarum</strong></span> <span class='ocrx_word' id='word_1_98' title='bbox 587 2211 672 2270; x_wconf 87' lang='lat' dir='ltr'><strong>uncia</strong></span> <span class='ocrx_word' id='word_1_99' title='bbox 693 2205 815 2268; x_wconf 89' lang='lat' dir='ltr'><strong>dimidia</strong></span> <span class='ocrx_word' id='word_1_100' title='bbox 839 2227 906 2266; x_wconf 91' lang='lat' dir='ltr'><strong>cum</strong></span> <span class='ocrx_word' id='word_1_101' title='bbox 937 2225 1035 2286; x_wconf 83' lang='lat' dir='ltr'><strong>aquae</strong></span> <span class='ocrx_word' id='word_1_102' title='bbox 1064 2203 1144 2264; x_wconf 84' lang='lat' dir='ltr'><strong>libra</strong></span> 
     </span>
     <span class='ocr_line' id='line_1_20' title="bbox 317 2302 1144 2385; baseline -0.016 -10"><span class='ocrx_word' id='word_1_103' title='bbox 317 2335 378 2376; x_wconf 85' lang='lat' dir='ltr'><strong>uua</strong></span> <span class='ocrx_word' id='word_1_104' title='bbox 399 2313 438 2374; x_wconf 83' lang='lat' dir='ltr'><strong>ad</strong></span> <span class='ocrx_word' id='word_1_105' title='bbox 458 2312 559 2370; x_wconf 84' lang='lat' dir='ltr'><strong>uncias</strong></span> <span class='ocrx_word' id='word_1_106' title='bbox 575 2320 643 2368; x_wconf 89' lang='lat' dir='ltr'><strong>octo</strong></span> <span class='ocrx_word' id='word_1_107' title='bbox 657 2307 830 2382; x_wconf 66' lang='lat' dir='ltr'><strong>decoctum</strong></span> <span class='ocrx_word' id='word_1_108' title='bbox 851 2303 937 2385; x_wconf 83' lang='lat' dir='ltr'><strong>Ligni</strong></span> <span class='ocrx_word' id='word_1_109' title='bbox 958 2302 1066 2364; x_wconf 78' lang='lat' dir='ltr'><strong>radicis</strong></span> <span class='ocrx_word' id='word_1_110' title='bbox 1084 2323 1144 2362; x_wconf 86' lang='lat' dir='ltr'><strong>uu·</strong></span> 
     </span>
     <span class='ocr_line' id='line_1_21' title="bbox 318 2402 1144 2488; baseline -0.017 -12"><span class='ocrx_word' id='word_1_111' title='bbox 318 2412 366 2476; x_wconf 87' lang='lat' dir='ltr'><strong>eia</strong></span> <span class='ocrx_word' id='word_1_112' title='bbox 388 2409 599 2474; x_wconf 79' lang='lat' dir='ltr'><strong>dimidiarum</strong></span> <span class='ocrx_word' id='word_1_113' title='bbox 620 2427 716 2488; x_wconf 81' lang='lat' dir='ltr'><strong>aquae</strong></span> <span class='ocrx_word' id='word_1_114' title='bbox 736 2406 815 2466; x_wconf 88' lang='lat' dir='ltr'><strong>libris</strong></span> <span class='ocrx_word' id='word_1_115' title='bbox 836 2406 952 2466; x_wconf 85' lang='lat' dir='ltr'><strong>duabus</strong></span> <span class='ocrx_word' id='word_1_116' title='bbox 974 2404 1013 2464; x_wconf 81' lang='lat' dir='ltr'><strong>ad</strong></span> <span class='ocrx_word' id='word_1_117' title='bbox 1034 2402 1144 2463; x_wconf 85' lang='lat' dir='ltr'><strong>uncias</strong></span> 
     </span>
    </p>
   </div>
   <div class='ocr_carea' id='block_1_4' title="bbox 320 2510 640 2576">
    <p class='ocr_par' dir='ltr' id='par_1_12' title="bbox 320 2510 640 2576">
     <span class='ocr_line' id='line_1_22' title="bbox 320 2510 640 2576; baseline -0.022 0"><span class='ocrx_word' id='word_1_118' title='bbox 320 2511 451 2576; x_wconf 86' lang='lat' dir='ltr'><strong>sedecim</strong></span> <span class='ocrx_word' id='word_1_119' title='bbox 472 2510 640 2572; x_wconf 83' lang='lat' dir='ltr'><strong>decoctum.</strong></span> 
     </span>
    </p>
   </div>
   <div class='ocr_carea' id='block_1_5' title="bbox 241 2667 1148 2987">
    <p class='ocr_par' dir='ltr' id='par_1_13' title="bbox 241 2667 1148 2987">
     <span class='ocr_line' id='line_1_23' title="bbox 279 2667 1147 2790; baseline -0.016 -16"><span class='ocrx_word' id='word_1_120' title='bbox 279 2709 381 2774; x_wconf 84' lang='lat' dir='ltr'><strong>KINO</strong></span> <span class='ocrx_word' id='word_1_121' title='bbox 402 2703 516 2790; x_wconf 82' lang='lat' dir='ltr'><strong>gummi</strong></span> <span class='ocrx_word' id='word_1_122' title='bbox 530 2713 600 2766; x_wconf 89' lang='lat' dir='ltr'><strong>sunt</strong></span> <span class='ocrx_word' id='word_1_123' title='bbox 612 2667 727 2762; x_wconf 72' lang='lat' dir='ltr'><strong>massae</strong></span> <span class='ocrx_word' id='word_1_124' title='bbox 741 2699 910 2779; x_wconf 80' lang='lat' dir='ltr'><strong>difformes,</strong></span> <span class='ocrx_word' id='word_1_125' title='bbox 931 2699 1042 2780; x_wconf 84' lang='lat' dir='ltr'><strong>darae,</strong></span> <span class='ocrx_word' id='word_1_126' title='bbox 1059 2700 1147 2761; x_wconf 85' lang='lat' dir='ltr'><strong>haud</strong></span> 
     </span>
     <span class='ocr_line' id='line_1_24' title="bbox 241 2798 1148 2897; baseline -0.013 -23"><span class='ocrx_word' id='word_1_127' title='bbox 241 2808 425 2897; x_wconf 57' lang='lat' dir='ltr'><strong>pellucidam</strong></span> <span class='ocrx_word' id='word_1_128' title='bbox 452 2802 558 2867; x_wconf 86' lang='lat' dir='ltr'><strong>coloris</strong></span> <span class='ocrx_word' id='word_1_129' title='bbox 579 2823 615 2863; x_wconf 84' lang='lat' dir='ltr'><strong>ex</strong></span> <span class='ocrx_word' id='word_1_130' title='bbox 635 2798 840 2878; x_wconf 81' lang='lat' dir='ltr'><strong>rubro-nigri,</strong></span> <span class='ocrx_word' id='word_1_131' title='bbox 867 2800 1018 2861; x_wconf 79' lang='lat' dir='ltr'><strong>fracturae</strong></span> <span class='ocrx_word' id='word_1_132' title='bbox 1040 2800 1148 2882; x_wconf 82' lang='lat' dir='ltr'><strong>splen·</strong></span> 
     </span>
     <span class='ocr_line' id='line_1_25' title="bbox 242 2897 1147 2987; baseline -0.015 -15"><span class='ocrx_word' id='word_1_133' title='bbox 242 2911 338 2974; x_wconf 85' lang='lat' dir='ltr'><strong>dentis</strong></span> <span class='ocrx_word' id='word_1_134' title='bbox 359 2919 391 2970; x_wconf 91' lang='lat' dir='ltr'><strong>et</strong></span> <span class='ocrx_word' id='word_1_135' title='bbox 411 2925 500 2987; x_wconf 85' lang='lat' dir='ltr'><strong>saepe</strong></span> <span class='ocrx_word' id='word_1_136' title='bbox 522 2902 697 2978; x_wconf 82' lang='lat' dir='ltr'><strong>cetlulosae,</strong></span> <span class='ocrx_word' id='word_1_137' title='bbox 719 2900 757 2958; x_wconf 81' lang='lat' dir='ltr'><strong>ab</strong></span> <span class='ocrx_word' id='word_1_138' title='bbox 771 2899 892 2972; x_wconf 83' lang='lat' dir='ltr'><strong>arbore,</strong></span> <span class='ocrx_word' id='word_1_139' title='bbox 912 2919 990 2979; x_wconf 80' lang='lat' dir='ltr'><strong>quae</strong></span> <span class='ocrx_word' id='word_1_140' title='bbox 1016 2897 1049 2958; x_wconf 88' lang='lat' dir='ltr'><strong>in</strong></span> <span class='ocrx_word' id='word_1_141' title='bbox 1077 2901 1147 2960; x_wconf 87' lang='lat' dir='ltr'><strong>loco</strong></span> 
     </span>
    </p>
   </div>
   <div class='ocr_carea' id='block_1_6' title="bbox 242 2995 1147 3081">
    <p class='ocr_par' dir='ltr' id='par_1_14' title="bbox 242 2995 1147 3081">
     <span class='ocr_line' id='line_1_26' title="bbox 242 2995 1147 3081; baseline -0.028 -9"><span class='ocrx_word' id='word_1_142' title='bbox 242 3031 299 3072; x_wconf 88' lang='lat' dir='ltr'><strong>suo</strong></span> <span class='ocrx_word' id='word_1_143' title='bbox 320 3006 426 3081; x_wconf 82' lang='lat' dir='ltr'><strong>natali,</strong></span> <span class='ocrx_word' id='word_1_144' title='bbox 447 3005 478 3066; x_wconf 91' lang='lat' dir='ltr'><strong>id</strong></span> <span class='ocrx_word' id='word_1_145' title='bbox 499 3017 558 3080; x_wconf 87' lang='lat' dir='ltr'><strong>est,</strong></span> <span class='ocrx_word' id='word_1_146' title='bbox 579 2998 618 3061; x_wconf 87' lang='lat' dir='ltr'><strong>ad</strong></span> <span class='ocrx_word' id='word_1_147' title='bbox 638 2995 764 3059; x_wconf 80' lang='lat' dir='ltr'><strong>fluvium</strong></span> <span class='ocrx_word' id='word_1_148' title='bbox 786 2995 914 3060; x_wconf 82' lang='lat' dir='ltr'><strong>Gambia</strong></span> <span class='ocrx_word' id='word_1_149' title='bbox 935 2996 1074 3079; x_wconf 72' lang='lat' dir='ltr'><strong>atricae,</strong></span> <span class='ocrx_word' id='word_1_150' title='bbox 1099 2998 1147 3059; x_wconf 80' lang='lat' dir='ltr'><strong>di.</strong></span> 
     </span>
    </p>
   </div>
   <div class='ocr_carea' id='block_1_7' title="bbox 241 3108 1148 3574">
    <p class='ocr_par' dir='ltr' id='par_1_15' title="bbox 241 3108 1148 3574">
     <span class='ocr_line' id='line_1_27' title="bbox 241 3108 413 3172; baseline -0.012 -2"><span class='ocrx_word' id='word_1_151' title='bbox 241 3113 319 3172; x_wconf 84' lang='lat' dir='ltr'><strong>citur</strong></span> <span class='ocrx_word' id='word_1_152' title='bbox 336 3108 413 3168; x_wconf 88' lang='lat' dir='ltr'><strong>Pau.</strong></span> 
     </span>
     <span class='ocr_line' id='line_1_28' title="bbox 284 3201 497 3269; baseline -0.047 1"><span class='ocrx_word' id='word_1_153' title='bbox 284 3205 372 3269; x_wconf 85' lang='lat' dir='ltr'><strong>Odor</strong></span> <span class='ocrx_word' id='word_1_154' title='bbox 390 3201 497 3264; x_wconf 85' lang='lat' dir='ltr'><strong>nullus.</strong></span> 
     </span>
     <span class='ocr_line' id='line_1_29' title="bbox 281 3291 1148 3389; baseline -0.015 -19"><span class='ocrx_word' id='word_1_155' title='bbox 281 3308 387 3389; x_wconf 83' lang='lat' dir='ltr'><strong>Sapor</strong></span> <span class='ocrx_word' id='word_1_156' title='bbox 408 3301 495 3365; x_wconf 81' lang='lat' dir='ltr'><strong>valde</strong></span> <span class='ocrx_word' id='word_1_157' title='bbox 516 3293 700 3376; x_wconf 79' lang='lat' dir='ltr'><strong>adstringens</strong></span> <span class='ocrx_word' id='word_1_158' title='bbox 720 3312 788 3354; x_wconf 85' lang='lat' dir='ltr'><strong>cum</strong></span> <span class='ocrx_word' id='word_1_159' title='bbox 802 3291 951 3376; x_wconf 83' lang='lat' dir='ltr'><strong>subsequa</strong></span> <span class='ocrx_word' id='word_1_160' title='bbox 960 3292 1128 3358; x_wconf 75' lang='lat' dir='ltr'><strong>dulcedine</strong></span> <span class='ocrx_word' id='word_1_161' title='bbox 1137 3338 1148 3372; x_wconf 92' lang='lat'><em>,</em></span> 
     </span>
     <span class='ocr_line' id='line_1_30' title="bbox 323 3398 634 3467; baseline -0.042 0"><span class='ocrx_word' id='word_1_162' title='bbox 323 3404 460 3467; x_wconf 82' lang='lat' dir='ltr'><strong>dentibus</strong></span> <span class='ocrx_word' id='word_1_163' title='bbox 482 3398 634 3460; x_wconf 80' lang='lat' dir='ltr'><strong>adhaeret.</strong></span> 
     </span>
     <span class='ocr_line' id='line_1_31' title="bbox 284 3489 767 3574; baseline -0.039 -3"><span class='ocrx_word' id='word_1_164' title='bbox 284 3507 392 3571; x_wconf 76' lang='lat' dir='ltr'><strong>Virtus</strong></span> <span class='ocrx_word' id='word_1_165' title='bbox 412 3500 577 3574; x_wconf 77' lang='lat' dir='ltr'><strong>roborans,</strong></span> <span class='ocrx_word' id='word_1_166' title='bbox 596 3489 767 3558; x_wconf 72' lang='lat' dir='ltr'><strong>refocillans.</strong></span> 
     </span>
    </p>
   </div>
   <div class='ocr_carea' id='block_1_8' title="bbox 0 0 1229 4156">
    <p class='ocr_par' dir='ltr' id='par_1_16' title="bbox 0 0 1229 4156">
     <span class='ocr_line' id='line_1_32' title="bbox 0 0 1229 4156; baseline 0 0"><span class='ocrx_word' id='word_1_167' title='bbox 0 0 1229 4156; x_wconf 95' lang='lat' dir='ltr'><strong> </strong></span> 
     </span>
    </p>
   </div>
  </div>
 </body>
</html>
