2426 4140
323 299 485 350 ratarum
513 301 684 352 emutare.
875 283 948 382 275
975 297 985 314 ·

198 512 396 574 CERATUM
417 511 597 576 cEthEI
617 513 796 576 RUBRUM.

354 651 496 714 Ceratum
521 653 644 716 labialet

86 813 239 874 Ceratum
258 807 371 874 cetacci
392 809 493 872 album
514 811 645 895 tingatur
666 812 810 876 alcunnue
830 812 941 876 radice.

337 955 341 962 ’
403 987 593 1064 caaaom.

38 1115 99 1174 Rc.
125 1112 223 1173 Cerae
243 1109 356 1171 flavere
375 1113 477 1174 uncias
498 1130 569 1188 aex,

132 1209 290 1273 Olivarum
312 1207 368 1272 olei
389 1213 504 1272 unciam
516 1229 626 1272 'unam

216 1307 397 1372 Mitceautur
422 1322 453 1371 et
482 1310 646 1391 liquescant
676 1310 734 1372 leni
763 1312 885 1384 calore,
914 1324 949 1373 ut

176 1425 319 1492 evaporet
338 1407 504 1472 humidum.
525 1409 644 1471 Deinde
663 1429 700 1471 ex
719 1431 815 1472 marta
828 1411 867 1470 ab
881 1414 948 1493 igne

176 1522 312 1590 remota,
333 1531 386 1592 per
407 1509 480 1570 telas
502 1519 590 1570 tenua
610 1508 777 1584 immersat,
798 1510 872 1571 fiant
885 1511 950 1594 lege

174 1615 244 1672 artis
252 1612 328 1671 cerei
338 1608 476 1692 laevigati
486 1609 581 1670 forma
594 1624 625 1671 et
639 1609 786 1672 diametro
794 1615 949 1674 varianter.

203 1807 347 1870 CITRAS
369 1806 579 1872 POTASSAE
600 1809 803 1900 AQuostJS.

367 1947 512 2008 Mirtum
530 1933 639 2010 salina.

45 2109 102 2170 Rc.
126 2105 305 2168 Carbonatis
335 2105 563 2188 superputarsici
584 2104 687 2187 aquosi
714 2105 869 2167 drachmas
896 2128 950 2168 no·

176 2224 265 2281 vem,
285 2203 391 2286 quibua
410 2203 520 2266 instilla

135 2304 225 2366 Succi
245 2306 308 2364 citri
329 2302 434 2364 libram
455 2301 623 2380 dimidiam,
644 2302 690 2362 vel
711 2318 854 2384 quantum
876 2301 946 2364 satis

177 2403 216 2464 sit
235 2403 273 2463 ad
295 2403 411 2482 plenam
433 2403 652 2462 saturationem.

215 2500 329 2584 Liqucr
349 2499 456 2562 deinde
475 2500 604 2572 coletur,
625 2501 710 2582 eique
731 2500 858 2560 addatur

135 2603 260 2683 Aquae,
291 2615 438 2684 quamum
459 2621 534 2682 opus
565 2603 623 2678 sit,
651 2613 686 2660 ut
705 2597 811 2660 libram
840 2599 951 2662 efficiat

174 2702 311 2761 mixtura.

215 2798 292 2860 Huic
312 2799 433 2860 tandem
455 2797 584 2860 admisce

134 2897 247 2979 Syrupi
267 2895 398 2960 machari
418 2895 537 2959 unciam
556 2889 657 2957 unam.

231 3075 446 3138 cousaavr
478 3041 788 3136 cocramartafi

94 3195 288 3256 Cochlcariac
308 3195 417 3255 herbae
437 3179 550 3254 recenti
565 3194 700 3254 minutim
715 3205 813 3253 sectae
828 3206 859 3253 et
873 3209 946 3252 cou-

53 3306 141 3355 tusae
163 3294 358 3355 admisceatur
379 3289 515 3352 Sacchari
536 3287 677 3352 aibissimi
697 3311 753 3372 par
773 3289 899 3371 pondua.

220 3391 361 3455 Similiter
382 3403 523 3472 parantur
543 3409 581 3452 ex
594 3387 657 3454 aliis
669 3389 765 3455 herbis
778 3405 948 3454 coutamur.
1031 3371 1033 3385 ¹
