2438 4142
251 324 321 419 198
484 345 621 398 ¹rusum.
649 347 792 399 uossrct
817 352 847 399 r.
875 355 913 399 rr.

285 537 434 601 PnLvls
456 538 763 602 OPHTALMICUS.

164 710 173 740 s
244 659 303 741 Rp.
330 658 473 722 Saouhari
493 659 579 742 albi,

323 756 392 819 Boli
412 757 553 836 Rubrae,

324 858 474 922 Cremoris
495 861 599 921 tortori
620 881 677 921 aue
696 861 817 922 unciam
837 861 1011 946 dimidiam,
1034 870 1149 940 misce,

361 960 415 1022 fiat
435 959 533 1043 pulvis
553 961 769 1028 subtilissimus.

284 1065 372 1126 Usus.
393 1065 515 1125 Pennus
536 1062 634 1142 oculi,
656 1063 792 1146 pellicula
805 1085 842 1125 ex
855 1067 971 1126 variolis
987 1079 1146 1150 superstes.

319 1164 494 1246 Applicetur
515 1161 578 1224 sine
598 1163 673 1223 flatu
695 1185 786 1245 parva
808 1167 906 1246 portio
928 1167 1015 1246 hujus
1037 1168 1146 1249 pulve-

319 1263 360 1324 ris
384 1265 482 1325 oculo.

280 1443 425 1506 RESlNA
446 1443 660 1506 JALAPPAE.

236 1569 294 1649 Rp.
321 1565 438 1628 Rudieis
458 1566 593 1648 jalappee
615 1565 801 1645 ponderosae
823 1587 852 1647 q.
873 1567 893 1626 l.

319 1667 531 1728 Contundutur
551 1665 582 1725 in
603 1667 755 1747 pulverem
777 1666 1027 1738 crassiusruluns,

439 1764 560 1826 ellnnde

316 1866 445 1950 Spiritus
466 1864 527 1926 vini
558 1864 788 1942 rectificatissimi
814 1863 1012 1926 sufficientem
1042 1887 1140 1947 quan-

358 1971 483 2028 titeteru.

316 2069 478 2151 Digerutnr
506 2066 565 2128 leni
594 2065 694 2126 colore
715 2087 768 2147 per
797 2066 912 2146 aliquot
933 2067 1012 2138 dies,
1034 2082 1139 2148 postea

355 2169 472 2229 ooletnr
482 2178 523 2227 *et
543 2164 661 2228 fortiter
674 2167 878 2246 exprimatur,
900 2164 1046 2228 cursorio
1060 2168 1137 2226 haec

231 2293 235 2300 ’
336 2269 646 2350 Δῑοῑὶεε·ι”εριεῑιιίιιι·,
674 2267 770 2326 donec
797 2267 916 2326 ultimus
934 2265 1065 2347 ,spiritus
1092 2289 1139 2327 su·

354 2369 519 2452 perellissus
534 2387 594 2426 non
609 2365 735 2446 amplius
750 2363 896 2446 tingatur,
911 2364 1050 2428 omnibus
1069 2366 1137 2426 dein

255 2500 258 2508 ·
353 2467 588 2532 extructionibus
602 2465 773 2548 acquisitis,
793 2465 957 2527 commistis
972 2481 1003 2526 et
1017 2466 1137 2528 filtretis

354 2591 433 2652 equa
454 2567 640 2642 offundatur,
662 2578 692 2628 et
714 2565 832 2648 spiritus
854 2566 913 2626 vini
934 2565 1137 2626 destillationis

354 2689 413 2752 ope
433 2667 504 2728 inde
525 2681 684 2744 evocetur,
704 2665 746 2726 sic
767 2668 901 2726 resinosa
915 2664 1081 2726 substantia
1095 2669 1136 2747 ja·

353 2772 460 2852 lappae
481 2767 576 2829 fundo
597 2767 766 2828 cucurbitae
789 2765 943 2838 haerebit,
965 2764 1042 2847 quoe
1056 2785 1136 2847 aqua

351 2867 474 2953 limpida
497 2866 655 2949 aliquoties
677 2866 814 2946 lavetur,
834 2881 865 2928 et
885 2887 922 2928 ex
942 2865 1051 2928 balneo
1073 2887 1135 2928 ma·

352 2969 413 3032 rias
447 2969 485 3029 ad
517 2971 637 3050 piceam
655 2971 877 3030 consistentiam
897 2967 1068 3049 redigatur,
1099 2989 1133 3028 ac

352 3067 483 3151 denique
504 3067 536 3129 in
556 3066 706 3149 cylindros
727 3077 883 3130 contortos
903 3068 1060 3146 efformata
1083 3089 1133 3128 es·

293 3211 296 3218 ·
352 3184 496 3236 servetur.
547 3211 550 3218 Δ
619 3189 635 3222 '1
734 3213 737 3223 .

310 3272 382 3339 Vid.
405 3271 549 3334 Radicem
565 3269 717 3350 jalappue
738 3267 773 3330 Ρ.
795 3271 819 3331 Ι.

531 3411 534 3420 ·
555 3370 606 3428 sie
628 3381 792 3450 parantur:

393 3473 503 3534 llesr'na
525 3468 598 3547 ligni
617 3469 753 3546 gudiani.

523 3565 708 3629 scammonii.
