2444 4156
336 281 381 326 aa
406 277 572 326 antarta.
599 279 645 326 nr
672 280 779 326 cour.
876 335 883 349 x
933 250 1001 350 159

182 393 278 454 Cerae
299 393 355 452 leni
376 392 444 474 igne
466 392 597 472 liquatae
618 390 816 452 admisceatur
847 390 1002 472 butyrum,

223 505 256 554 ut
271 491 358 552 simul
382 494 561 572 liquescant3
583 491 613 552 ih
628 495 769 551 mortario
786 489 902 572 lapideo
916 511 1003 550 exac-

226 590 340 653 tissime
369 590 620 673 permisceantur,
651 603 681 652 et
701 613 768 650 cum
798 591 842 650 bis
864 587 1004 652 mercurii

224 692 409 776 praecipitati
433 691 515 751 rubri
540 691 570 752 in
597 691 822 760 subtilissimum
846 691 999 772 pulverem

227 797 284 854 triti
307 814 396 872 grana
417 792 630 872 septemdecim
652 797 751 852 intime
772 804 977 852 conterantur.

138 896 230 958 Nota.
252 895 281 952 Si
303 895 373 950 huic
396 913 510 951 massae
530 891 678 950 addantur
707 891 886 971 camphorae
916 891 1003 968 tritae

182 1013 272 1074 grana
287 991 449 1072 quinque,
473 993 595 1050 Ftomm
617 990 691 1050 zinci
712 1009 803 1071 grana
825 1006 892 1050 octo
923 989 1002 1051 inter

184 1113 216 1154 se
247 1093 341 1173 probe
369 1095 507 1162 contrita,
530 1106 649 1151 etcum
673 1091 720 1152 illa
749 1090 1003 1173 optimemixta,

182 1191 218 1252 fit
238 1192 408 1251 Balsamum
432 1192 478 1250 St.
500 1193 668 1250 Yreanum.

146 1293 255 1354 Virtus
275 1294 452 1362 corrodens,
472 1293 647 1373 detergens,
663 1291 828 1368 resolvens,
848 1291 1003 1354 roborans.

148 1395 233 1453 Usus.
256 1391 452 1472 ophthalmia
474 1413 587 1465 setosa,
610 1413 754 1470 venerea,
779 1393 912 1452 maculae
933 1395 1002 1452 coi.-

184 1513 273 1570 neae,
295 1494 443 1550 ulcuscula
465 1495 685 1572 coniunctivae,
709 1492 850 1574 incipiens
865 1491 1003 1552 suffusio.

144 1595 246 1655 Doris.
271 1597 405 1652 Granum
432 1592 585 1654 dimidium
615 1595 652 1654 ad
674 1598 820 1675 integrum
849 1591 1002 1659 intricatur

185 1693 274 1754 oculo
296 1692 342 1752 bis
364 1694 402 1752 de
424 1691 483 1753 die.

142 1874 346 1934 BUTYtttJtt
369 1873 581 1932 ANTlMONll
603 1895 654 1934 seu
677 1874 815 1952 STlBll,

100 2027 102 2034 .
141 1973 376 2032 CAUSTlCUlll
400 1975 693 2045 au'sittoutatss.

141 2073 293 2132 utititas
315 2072 594 2133 OXYGENATUS
618 2075 751 2134 STlIlll.

101 2191 157 2272 Rp.
187 2188 347 2249 Antimonii
368 2192 449 2249 crudi
470 2189 604 2250 calcinati
627 2195 727 2252 uncias
749 2203 838 2267 octo,

184 2273 260 2348 Salis
281 2287 447 2348 communis
469 2288 571 2348 libram
596 2311 698 2350 unam.

101 2383 285 2448 misceantur
306 2389 398 2467 probe
419 2387 450 2446 in
472 2387 615 2448 mortario
639 2388 750 2464 vitreo,
782 2401 813 2450 et
839 2388 1001 2449 immittan-

100 2501 152 2548 tur
172 2500 301 2548 retortae
324 2489 475 2547 tabulatae
496 2493 607 2547 vitreae
628 2492 657 2548 in
672 2511 780 2550 arenae
797 2489 1003 2569 balneo-posi·

103 2602 170 2660 tae,
192 2587 293 2647 debito
314 2586 382 2666 igue
404 2607 546 2658 accenso,
566 2587 731 2668 applicatur
758 2586 912 2670 recipiens.
931 2589 1003 2648 satis

102 2686 255 2768 amplum,
282 2697 312 2745 et
342 2685 435 2765 probe
465 2686 558 2744 lutata
590 2692 801 2763 commissura,
824 2685 950 2762 sensim,
971 2697 1001 2747 et

102 2784 229 2846 minimis
250 2804 366 2864 semper
386 2786 571 2864 portionibus
594 2786 684 2844 adde:

103 2882 188 2946 acidi
209 2882 320 2943 vitiioli
341 2887 522 2944 concontrati
538 2883 640 2942 libram
657 2883 806 2944 dimidiam
823 2907 890 2946 cunt
905 2905 1001 2966 aquae

103 2981 198 3044 unciis
219 2994 351 3063 quatuor
371 2979 475 3059 diluti,
499 2995 530 3042 et
551 2993 621 3042 tuuc
647 2981 714 3060 igne
741 2983 888 3063 gradatim
914 2998 1001 3045 aucto
1077 3013 1080 3024 ¹

103 3080 267 3142 destilletur
287 3101 382 3160 usque
403 3081 474 3140 dum
497 3080 566 3138 nibil
587 3081 713 3162 amplius
735 3083 871 3163 prodeat.

147 3181 255 3243 Virtus
277 3191 402 3261 potens,
425 3184 565 3242 caustica.

147 3281 230 3340 Usus.
260 3280 411 3354 Externa,
439 3299 617 3360 gangraenas,
649 3283 763 3361 caries,
791 3281 1002 3365 staphyloma,

183 3379 310 3439 elevatio
330 3378 501 3438 scleraticae
513 3423 522 3450 ,
545 3379 690 3460 proptosin
711 3381 800 3444 iridis.
825 3383 893 3466 Ope
914 3381 1000 3465 peni-

183 3476 239 3538 cilli
259 3476 427 3540 cautissime
448 3490 607 3560 tangantur
627 3495 726 3562 partes
748 3483 883 3546 efl'ectac.
