2444 4156
168 589 396 684 PARS
455 585 901 683 SECUNDA

457 823 624 842 *

147 1007 212 1082 DE
237 1004 541 1080 PRAEPARATIS
566 1004 628 1078 ET
653 1003 883 1078 COMPOSIT
884 1002 924 1076 IS

490 1230 591 1246 *

131 1349 306 1463 acETUM
329 1399 644 1460 ANTtSEPthtttt.

86 1519 203 1602 Recipe
224 1519 391 1582 Harbamm
412 1517 573 1601 Absynthii

415 1619 514 1678 Ratae

416 1715 557 1776 Manthae

415 1815 532 1876 Salviae

414 1909 603 1976 Rorismarini
624 1931 681 1971 aaa
702 1913 802 1972 uncias
823 1911 916 1990 duat,

212 2013 338 2072 Florum
360 2011 533 2071 lavendulae
555 2013 654 2072 uncias
675 2011 767 2090 duas,

214 2113 359 2173 Raditum
380 2110 532 2192 angelicae

306 2224 311 2231 “
415 2208 625 2292 Imperatoriae
646 2229 703 2268 ana
724 2208 841 2270 unciam
854 2229 943 2270 anam
958 2223 989 2272 et

297 2309 465 2384 dimidiam,

216 2408 371 2491 spicarum
393 2411 452 2470 allii
473 2411 628 2471 drachmas
649 2409 736 2471 duaa·

88 2511 187 2571 Mixta
207 2508 319 2582 ineisa,
349 2509 448 2590 digere
468 2507 500 2569 in
520 2507 598 2568 aceti
619 2506 681 2569 vini
701 2507 777 2568 libris
797 2521 866 2570 octo
886 2509 916 2569 ia
936 2529 989 2568 au·

90 2607 209 2669 curbita
231 2611 323 2670 vitrea
345 2607 437 2688 probe
458 2607 575 2684 clausa,
604 2609 680 2666 iusta
709 2607 807 2668 calore
837 2628 891 2689 per
911 2607 988 2668 duo·
1021 2641 1024 2644 ·

89 2708 208 2781 decim,
239 2705 301 2767 sive
323 2706 429 2766 balneo
451 2726 575 2782 arenae,
605 2719 736 2786 parties
758 2704 842 2782 dies3
872 2705 989 2788 Liquor

87 2805 208 2868 fortiter
229 2828 401 2887 expressas,
421 2806 547 2866 filtratus
567 2809 633 2866 usui
656 2816 801 2866 servetur.

121 2905 166 2966 'si
182 2907 331 2987 expetitur
345 2906 403 2965 hoc
419 2919 536 2966 acetum
551 2926 620 2964 cum
635 2904 810 2986 camphora,
824 2916 897 2966 tunc
911 2925 989 2965 cam·

89 3005 204 3088 pharae
226 3004 314 3065 uncia
335 3003 457 3064 dimidia
487 3007 566 3085 prius
594 3007 624 3063 in
655 3003 760 3086 spiritu
785 2993 844 3070 iini
873 3003 988 3081 saluta,

91 3103 226 3166 additur.

134 3205 250 3266 Virtus.
272 3201 475 3284 Antiseptica,
497 3201 650 3279 cardiace,
672 3205 813 3266 excitans.

136 3307 221 3366 Usus.
243 3303 359 3381 Pestis,
380 3304 521 3366 diathesis
542 3304 673 3386 putrida.
755 3307 758 3314 “

134 3406 236 3466 Doris.
259 3405 375 3466 laterae
401 3402 598 3479 cochleatim,
624 3389 748 3468 externe
775 3399 927 3483 suffitus,
942 3402 989 3465 lo·

175 3503 284 3566 tiones.
341 3548 343 3552 .
