2426 4140
258 284 327 356 302
535 307 678 352 aaran.
705 306 856 354 fornica
934 271 938 276 ⁸

429 518 616 580 Porussa
638 519 842 580 CAUSTICA
861 519 979 580 Fusa.

541 656 718 719 Causticum
738 657 879 718 salinum.

295 820 420 879 Potassa
440 816 571 878 caustica
592 838 725 899 aquosa,
744 816 777 876 in
797 817 856 877 olla
876 817 973 876 semea
992 813 1089 876 nitida
1102 813 1165 874 lin·

258 933 308 979 teo
332 917 493 999 cooperta,
524 917 717 999 evaporando
748 937 837 998 supra
865 914 963 996 ignem
989 912 1164 984 minuatur,

256 1039 352 1098 usque
373 1038 435 1098 quo
456 1017 574 1099 guttula
594 1017 766 1099 refrigerata
787 1036 857 1077 mox
875 1014 1040 1075 solidescot
1077 1015 1164 1074 Turn

254 1118 288 1179 in
307 1116 492 1178 crucibulum
511 1119 641 1178 ferreum
656 1117 898 1191 transfundatur,
917 1111 1040 1196 ibique,
1059 1113 1093 1176 vi
1112 1137 1165 1174 ca·

254 1218 325 1278 loris
334 1261 345 1296 ,
366 1216 499 1298 privetur
519 1239 597 1299 aqua
612 1217 762 1299 superflua
776 1217 982 1292 adhaerente,
1001 1229 1032 1276 et
1045 1213 1164 1296 liquata

254 1317 287 1380 in
307 1316 421 1378 fistulas
441 1318 550 1378 ferreas
569 1315 727 1398 injiciatur.
740 1318 814 1377 Post
827 1313 1086 1398 refrigerationem
1101 1317 1165 1375 exi·

255 1428 407 1478 maturet
428 1430 564 1482 servetur
583 1421 612 1478 in
636 1437 705 1479 vase
726 1415 825 1479 vitreo
846 1415 998 1477 obturato.

513 1595 646 1656 rutra
668 1594 904 1686 naulorum.

299 1712 473 1774 Tamarindi
493 1713 607 1774 fructus
636 1715 666 1772 in
697 1733 776 1793 aqua
796 1711 894 1772 calida
914 1722 1101 1785 maceretur,
1132 1722 1166 1771 ut

257 1813 389 1875 medulla
410 1812 610 1894 deliquesrat:
640 1833 718 1892 quae
748 1811 857 1872 deiude
881 1813 1034 1894 percolata
1064 1812 1166 1871 balnei

258 1911 377 1994 vaporis
390 1912 488 1974 calore
501 1923 642 1993 evaporet
657 1913 694 1970 ad
707 1911 817 1992 justam
827 1910 1063 1974 crassitudinem.
1078 1911 1163 1971 Tum

259 2013 377 2093 singulis
398 2013 461 2092 ejus
482 2011 563 2072 libris
584 2009 785 2070 admisceatur
1071 2004 1077 2010 ⁸

421 2109 516 2170 Mellis
539 2105 644 2191 optimi
667 2107 754 2168 uncia
775 2107 906 2169 dimidia

492 2283 639 2350 PULVIS
661 2286 933 2349 AROMATICUS.

261 2407 314 2470 Rc.
338 2404 524 2468 cinnamomi
545 2402 807 2486 ceylanicilpartes
827 2403 922 2476 duas,

344 2505 534 2566 Cardamomi
555 2502 698 2577 minoris,

344 2603 509 2686 zingiberis
530 2605 654 2680 radicis,
676 2601 829 2684 utriusque
850 2615 967 2684 partem
988 2622 1090 2664 unam.

381 2739 383 2744 ·
426 2701 558 2768 seorsim
579 2703 750 2784 pulveratae
771 2700 1028 2764 commisceantur.

384 2881 533 2946 PULVlS
555 2881 753 2945 JALAPPAE
776 2879 1053 2942 COMPOSITUS.

264 2997 317 3082 lic.
330 2997 482 3080 Jalappae
503 2997 608 3060 radicis
621 3041 631 3076 ,
852 3067 855 3074 ‚

264 3171 268 3182 Ι
348 3099 512 3159 Gentianae
524 3098 632 3160 rubrae
646 3096 752 3160 radicis
762 3097 918 3180 utriusque
932 3099 1049 3160 unciam
1066 3117 1168 3178 unam,

349 3197 511 3280 Zingiberis
532 3195 638 3258 radicis
659 3198 816 3259 drachmas
837 3199 930 3279 duas,

326 3298 425 3361 ‘Salis
447 3298 551 3380 anglici
572 3297 674 3359 uncias
695 3299 778 3364 duas.

428 3399 561 3464 seorsim
580 3398 736 3480 pulverata
755 3396 945 3462 misceantur.

975 3367 1008 3394 N
