2438 4142
362 347 526 398 antarta.
553 347 724 400 nannum.
913 327 984 424 257

210 459 260 518 diu
281 461 354 521 haec
378 472 496 542 gustatu
524 461 579 522 fiat
609 461 702 523 acida.
732 460 987 522 Commiaceantur

209 580 315 622 omnes
329 561 459 642 liquores
473 561 549 626 acidi
563 576 594 623 et
607 563 817 643 evaporatione
831 576 986 623 coarcten-

211 675 261 720 tur
280 660 319 720 ad
339 664 459 722 tertiam
480 661 638 745 voluminis
658 659 704 722 tui
732 672 857 742 partem.
888 661 987 722 Refri-

206 757 301 840 gerati
321 758 429 820 deinde
450 758 607 834 colentur,
627 771 657 820 et
677 757 736 820 leni
756 759 855 820 calore
875 781 986 842 erapo-

206 873 280 918 rcnt
302 857 459 919 cuticulae
480 858 665 941 crystallinae
696 861 725 919 in
755 858 913 941 superficie
933 883 985 921 su·

204 957 309 1019 hortae
330 957 450 1040 saepius
471 969 662 1041 rumpantur,
683 970 716 1020 ut
732 959 852 1020 tandem
869 960 984 1022 nonnisi

204 1057 298 1119 siccae
320 1069 491 1120 remaneant
511 1059 651 1140 crystalli.

245 1159 320 1220 Oba.
341 1159 564 1241 Explorandum
585 1170 645 1232 est,
667 1169 768 1220 utrum
789 1161 827 1221 ab
847 1161 983 1242 inquina-

203 1275 306 1321 mento
327 1259 406 1321 acidi
426 1259 590 1342 sulphurici
609 1261 757 1320 immunes
772 1260 831 1322 sint
844 1263 982 1342 crystalli.

204 1361 309 1440 ltaque
329 1360 462 1421 solvatur
483 1359 589 1418 harum
621 1360 812 1440 portiuncula
831 1361 863 1423 in
883 1382 981 1444 aqua,

203 1471 234 1522 et
255 1461 404 1521 addantur
424 1458 581 1519 nonnullae
602 1474 703 1540 guttae
731 1461 853 1524 arctatis
875 1483 980 1544 super·

201 1558 343 1638 plumbici
363 1557 484 1641 liquidi,
508 1579 545 1620 ex
565 1559 675 1639 quibus
694 1578 765 1620 mox
787 1559 887 1620 album
911 1562 979 1621 aub-

199 1658 276 1720 aidet
297 1660 539 1742 praecipitatum,
561 1662 598 1722 ab
612 1659 751 1724 instillato
766 1659 853 1722 acido
873 1663 979 1721 nitrico

198 1759 295 1821 diluto
314 1759 399 1821 facile
420 1761 615 1836 solvendum,
643 1765 667 1822 si
695 1781 804 1843 purum
833 1771 897 1822 erat
916 1763 978 1822 aci·

198 1857 271 1916 dum
292 1860 483 1933 tartaricum,
512 1859 638 1922 lacteam
659 1878 730 1919 vero
750 1857 913 1925 etiamnum
935 1859 977 1918 el·

197 1955 299 2018 ficiens
312 1961 489 2036 mixturam,
505 1962 527 2020 ei
541 1959 618 2020 adsit
630 1959 746 2020 acidum
760 1958 975 2040 sulphuricum.

195 2059 242 2119 Ad
262 2058 321 2119 hoc
343 2057 445 2120 vitium
473 2059 693 2137 amovendum,
723 2059 876 2144 solvantur
901 2079 972 2140 cry·

196 2156 272 2218 stalli
293 2157 325 2218 in
338 2178 416 2239 aqua
430 2157 593 2237 destillata,
614 2157 812 2220 admisceatur
833 2159 973 2220 solutioni

195 2257 356 2337 pauxillum
377 2257 507 2319 taitratis
528 2257 631 2330 calcia,
652 2267 722 2336 aut,
743 2255 798 2317 nisi
818 2256 868 2316 bic
885 2279 970 2338 prae·

193 2368 240 2417 ato
261 2357 320 2431 sit,
340 2358 505 2420 carbonatis
526 2357 634 2419 calcia:
655 2359 805 2439 digeratur
825 2357 968 2438 mixtum,

193 2457 309 2519 coletur
329 2472 361 2518 et
380 2459 418 2519 ad
430 2457 589 2548 'crystallus
607 2456 717 2520 iterum
738 2458 899 2540 redigatur.

321 2636 490 2700 AETHER
510 2636 723 2698 ACETlCUS.

60 2761 118 2818 Rc.
143 2755 287 2816 Sacchari
307 2756 428 2817 Saturni
449 2755 550 2817 siccati
570 2770 669 2839 partes
688 2758 902 2839 qradraginta,

148 2856 298 2927 Alcoholis
319 2868 416 2936 partes
436 2855 555 2937 viginti,
940 2843 942 2860 ¹

149 2954 234 3017 Acidi
255 2954 366 3016 vitrioli
385 2968 482 3036 partes
502 2954 682 3037 quindecim.

230 3054 378 3116 Saccharo
408 3056 519 3116 saturni
539 3055 715 3137 pulverato,
746 3055 777 3115 in
809 3055 961 3117 cucurbita

87 3229 92 3232 ,
184 3155 282 3217 vitrea
301 3152 500 3239 admisceatur
520 3153 637 3217 alcohol
657 3173 725 3214 cum
740 3153 826 3216 acido
842 3157 961 3218 mixtus.

186 3254 336 3336 Adaptato
357 3251 496 3336 capitello
517 3264 548 3314 et
567 3252 705 3336 excipulo
725 3251 798 3314 scite
822 3253 961 3335 adjuncto

183 3353 239 3418 fiat
258 3351 417 3416 destillatio
445 3352 503 3416 leni
516 3427 519 3432 Ι
532 3352 632 3415 calore
662 3352 757 3414 donec
782 3352 843 3414 fere
863 3355 960 3416 omnis

185 3465 315 3520 secretus
337 3459 373 3516 ait
392 3453 511 3517 humor.
541 3453 655 3537 Liquor
681 3454 714 3518 in
733 3456 875 3538 excipulo
894 3457 959 3518 col·

183 3555 277 3618 lectus
298 3553 456 3618 misceatur
475 3573 543 3614 cum

818 3656 879 3716 aa*
