2414 4156
351 355 508 407 marcuit
534 357 668 410 mantea
908 317 958 412 33

97 471 200 533 Doris.
221 471 390 534 Brachmae
404 471 482 536 duae
496 493 564 536 cum
579 493 692 558 aquae,
713 487 766 534 aut
776 469 849 534 iuris
864 473 957 591 uptiis

138 591 193 633 sex
212 570 416 635 infunduntur.

98 770 956 835 CARYOPHYLLIAROMleClsuntssoresnondum

55 873 278 958 expansi'prius
292 875 376 936 fumo
390 895 445 956 por
458 875 571 956 aliquot
590 873 653 948 aies
674 873 816 960 expositi,
837 887 869 935 et
888 871 959 937 dein

54 976 117 1036 sole
129 974 279 1036 exsiccati.
294 977 376 1035 Dum
391 975 579 1058 Carynphylli
593 976 632 1036 ad
647 976 848 1037 maturitatem
862 994 957 1057 usqtrs

55 1077 86 1138 in
99 1069 212 1136 arbore
227 1074 452 1156 relinquuntur,
465 1075 657 1159 tnthophylti
671 1075 822 1138 dicuntur.
840 1077 960 1157 caryon

53 1177 182 1258 phyllos
203 1178 402 1236 aromaticus.
423 1177 458 1237 L.
480 1175 517 1235 cl.
538 1177 625 1236 Xlll.
651 1175 727 1236 Ond.
748 1177 870 1256 Monog.
893 1175 961 1237 Eu·

51 1278 146 1358 genia
166 1276 415 1357 caryopbyllata.
438 1273 612 1358 Thunbsrss.
627 1276 825 1352 Arbusculum
846 1273 953 1358 sp'oute

55 1373 165 1435 crescit
186 1375 217 1434 in
236 1393 314 1435 nova
334 1375 464 1450 Guinea,
485 1371 681 1457 pluribusque
703 1373 801 1436 insulis
822 1371 960 1435 adiacen-

58 1473 152 1535 tibus.
700 1485 703 1496 ¹

103 1573 192 1634 Odor·
212 1573 479 1656 Caryophyllorum
500 1574 604 1648 fortis,
624 1583 746 1656 gratus,
777 1571 961 1657 peculiaris,

141 1671 238 1756 qualis
258 1669 342 1734 floris
362 1672 483 1734 Diantbi
504 1672 704 1756 caryopbyll't.
809 1661 813 1668 ’

99 1774 209 1854 Sapor
228 1776 429 1850 aromatum,
459 1772 573 1847 fortis,'
588 1771 720 1845 calidus,
754 1761 934 1833 acriusculsis
948 1815 961 1849 ,

141 1872 382 1952 subamau'caos,
416 1873 535 1948 fauces,
565 1871 756 1956 linguamque
787 1870 960 1936 calefaciens

139 1972 236 2032 halitu
258 1971 503 2054 fragrantissimo.

101 2073 215 2136 Virtus
234 2070 422 2151 calefaciens,
445 2070 543 2132 tonica
553 2115 565 2153 ‚
587 2069 788 2145 stomachica,
809 2091 960 2135 emmena·

142 2191 240 2254 gogo,
261 2157 439 2232 confortans.

101 2271 191 2334 Usus.
212 2273 369 2352 Languens
391 2269 578 2332 ventriculus.
600 2269 709 2331 Oleum
731 2269 923 2332 destillatum.

98 2374 206 2435 Doris.
239 2374 263 2431 A
286 2370 383 2452 granis
405 2371 539 2445 duobus,
570 2370 608 2431 ad
639 2392 728 2452 grana
757 2371 861 2433 decem
890 2393 960 2434 cum

140 2471 302 2543 sacchar-03
335 2470 478 2530 drachma
496 2489 558 2530 una
580 2479 610 2530 ct
631 2467 751 2530 dimidia
773 2489 842 2530 cum
862 2489 960 2553 aquae

142 2579 197 2630 aut
216 2569 279 2632 vini
299 2567 395 2631 unciis
411 2568 502 2630 tribus
515 2568 665 2644 infusum,
685 2559 767 2651 quod
782 2559 959 2634 cochleatim

142 2667 309 2729 exhibetur.

98 2767 299 2850 Anthophylli
321 2766 499 2828 curiositatis
518 2767 582 2828 fere
600 2787 689 2828 eausa
708 2769 739 2828 iu
760 2767 885 2834 officinis
898 2763 959 2831 ser·

143 2879 261 2927 vantur.
282 2867 551 2949 Catyoplryllottsm
565 2867 664 2927 oleum
679 2865 958 2930 destillatunrdenti

142 2963 257 3026 dolenti
279 2969 420 3047 gossypio
440 2965 566 3036 inditum
595 2965 680 3026 sedat
700 2965 836 3027 dolorem
855 2981 887 3028 et
907 2988 960 3028 ca·

140 3067 223 3124 rierm
245 3065 311 3124 Hoc
332 3063 511 3143 oleo‚==cum
532 3059 841 3146 unguinosis‘ntixtQ
863 3063 960 3126 mein·

142 3163 198 3223 bra
217 3163 381 3247 paralytica
410 3162 534 3225 feliciter
563 3163 721 3238 fricantur3
754 3165 845 3225 Simili
866 3165 958 3226 etiarn

143 3263 313 3344 excipiente
327 3260 420 3339 illuri,
450 3263 489 3322 au
515 3255 715 3325 warnestum
734 3264 958 3343 roborandum,

142 3364 172 3424 in
183 3362 274 3423 colica
285 3358 453 3446 {lutulentep¹
467 3360 625 3423 diarrhoea
634 3361 785 3426 abdomini
794 3361 960 3447 inungitur,
