2426 4140
232 293 302 364 310
524 309 654 358 runnu.
680 307 830 360 sarriet

312 423 485 508 Sulphuris,
508 424 661 506 utriusque
683 436 781 504 partes
803 425 952 506 aequales.

390 523 483 584 Mixto
504 523 534 583 in
554 524 706 584 crucibulo
727 535 832 606 operto
853 523 1061 585 incandescant
1076 547 1135 606 per

350 625 442 685 horae
463 624 671 706 quadrantem.
684 625 782 685 Massa
801 622 972 705 refrigerata
993 638 1134 687 serretur

349 723 380 784 in
402 745 469 784 vase
491 722 585 784 vitreo
606 725 718 786 clauso.

450 901 759 996 succurrerunt
780 901 913 962 runai.

270 1024 355 1083 Ferri
375 1023 441 1102 puri
455 1020 576 1080 bacillus
591 1019 811 1080 sad-albedinem
828 1017 956 1100 ignitus,
978 1019 1133 1100 sulphuris

231 1133 370 1180 contactu
391 1119 521 1199 liquatus
542 1121 677 1200 guttatim
691 1118 722 1178 in
737 1139 845 1200 aquam
861 1115 983 1180 defluet.
999 1117 1131 1198 Sulphu-

230 1231 328 1280 retnm
349 1239 387 1278 ex
407 1237 485 1299 aqua
505 1219 640 1279 demtum
661 1216 802 1280 citissime
822 1219 948 1279 siccetur
967 1215 1045 1278 etin
1062 1237 1133 1284 vete

232 1319 335 1380 clauso
356 1328 500 1378 serretur.

258 1515 561 1578 SULPHURETUM
582 1514 848 1577 HYDRARGYRl
869 1515 1105 1579 STlBlATUM.

494 1651 642 1732 Aethiops
662 1653 878 1715 antimonialis,

232 1813 284 1876 Rc.
307 1808 480 1892 Sulphureti
500 1793 580 1870 stibii
600 1809 769 1891 praeparati
789 1810 891 1872 uncias
914 1825 991 1885 tres,

314 1911 497 1993 Hydrargyri
519 1908 620 1969 uncias
642 1923 790 1990 quatuor,

314 2008 468 2092 Sulphuris
488 2006 590 2069 uncias
611 2008 697 2068 duas.

395 2109 546 2170 'ferantur
557 2106 589 2168 in
602 2106 746 2169 mortario
759 2110 870 2190 vitreo,
892 2109 986 2172 donee
1000 2109 1132 2191 perfecte

355 2212 516 2271 commixta
540 2207 610 2270 sint.

412 2407 713 2469 SULPHURETUM
734 2406 958 2469 POTASSAE.

461 2633 464 2641 Ι
540 2549 645 2628 Hepor
664 2531 852 2628 sulphuris(
958 2581 962 2588 -

237 2709 289 2770 Rc.
312 2707 487 2768 Carbonatis
508 2707 730 2788 superputassici
752 2705 888 2788 depurati
910 2717 1007 2786 partes
1027 2704 1119 2782 duas,

319 2805 474 2890 Sulphuris
496 2805 640 2888 pulverati
662 2816 775 2886 partem
796 2822 897 2866 unam.
1146 2799 1152 2818 ⁸

400 2908 578 2968 Misceantur
609 2919 640 2966 et
666 2905 830 2986 liquescant
851 2905 968 2966 modico
988 2903 1077 2983 igne,
1106 2902 1136 2964 iu

361 2987 511 3067 crucibulo
531 3017 647 3088 operto.
668 3007 765 3066 Massa
786 3007 959 3066 effundatur
972 3018 1002 3065 et
1017 3005 1137 3086 refrige-

362 3117 453 3168 retur.
477 3107 618 3167 Seruetur
638 3103 669 3164 in
688 3125 757 3166 vase
778 3104 876 3165 vitreo
899 3105 1049 3165 obturato.
